=LDR  01336cam a22003014a 4500
=001  12570
=003  OI
=005  20250820153550.0
=008  081208s2008\\\\gw\a\\\\\\\\\\100\0\ger\\
=020  \\$a9783873975958 (pbk.)
=040  \\$aOI
=041  0\$ager$aeng
=100  \\$4edt$aAhrens, Christian$d1943-$eEditor$99058
=111  \\$aTage alter Musik in Herne$n(29th :$d2004)$94725
=245  10$a--con cembalo e l'organo-- :$bdas Cembalo als Generalbassinstrument : Symposium im Rahmen der 29. Tage Alter Musik in Herne 2004
=246  30$aCembalo als Generalbassinstrument
=260  \\$aMünchen :$bKatzbichler,$c2008.
=300  \\$a184 pages$bill. ;$c24 cm.
=546  \\$aGerman, with one article in English.
=648  \0$a18th Century (1701-1800)$1http://www.wikidata.org/entity/Q7015$920899
=650  \0$aKeyboard instrument$1http://www.wikidata.org/entity/Q52954$92849
=650  \0$aHarpsichord$1http://www.wikidata.org/entity/Q81982$92125
=650  \0$aBasso continuo$1http://www.wikidata.org/entity/Q724321$921065
=700  \\$aKlinke, Gregor$4edt$eEditor$99060
=710  \\$aHerne (Arnsberg, Germany)$91191
=942  \\$cBOO$2ddc
=952  \\$00$10$2ddc$40$6MTP_2_000000000000000_AHRE$70$8MTP$912552$aORPH$bORPH$cKM12_1$d2020-07-08$eKoopman$i38E40$l0$oMTP2 AHRE$p20120360$r2021-01-12 00:00:00$w2021-01-12$yBOO
=999  \\$c12570$d12570

