=LDR  01435cam a2200325 a 4500
=001  12571
=005  20250926134857.0
=008  091120s2009\\\\gw\ag\\\\b\\\\101\0\ger\d
=010  \\$a  2009673792
=020  \\$a9783932676147 (pbk.)
=020  \\$a3932676149 (pbk.)
=035  \\$a(OCoLC)ocn491911465
=035  \\$a(OCoLC)491911465
=040  \\$aGyWOH$cPUL$dDLC
=041  0\$ager$aeng
=042  \\$alccopycat
=111  2\$94726$aDortmunder Bach-Symposion$n(5th :$d2004 :$cWitten-Bommerholz)
=245  10$aBach oder nicht Bach? :$bBericht über das 5. Dortmunder Bach-Symposion 2004 /$cherausgegeben von Reinmar Emans und Martin Geck.
=260  \\$aDortmund :$bKlangfarben Musikverlag,$c2009.
=300  \\$a180 p. :$bill., music ;$c24 cm.
=490  1\$aDortmunder Bach-Forschungen ;$vBd. 8
=546  \\$a1 English, 9 German contributions.
=504  \\$aIncludes bibliographical references and indexes.
=600  \0$aBach, Johann Sebastian$d1685-1750$1http://www.wikidata.org/entity/Q1339$94766
=700  \\$aEmans, Reinmar$d1953-$1http://www.wikidata.org/entity/Q95250256$921856
=700  \\$aGeck, Martin$d1936-2019$1http://www.wikidata.org/entity/Q100880$917580
=830  \0$91079$aDortmunder Bach-Forschungen ;$vBd. 8.
=942  \\$cBOO
=952  \\$00$10$2ddc$3band 8$40$6BIO_BACH1_E$70$8BIO$912553$aORPH$bORPH$cKTS1_P$d2020-07-08$eKoopman$i38F02$oBIO BACH1 e$p20122356$r2021-01-12 00:00:00$w2021-01-12$yBOO
=999  \\$c12571$d12571

