=LDR  03800cam a2200457 a 4500
=001  12572
=005  20250926134857.0
=008  091120s2009\\\\gw\g\\\\\b\\\\111\0dger\d
=010  \\$a  2009673793
=020  \\$a9783932676154 (pbk.)
=020  \\$a3932676157 (pbk.)
=040  \\$aOI
=041  \\$ager
=100  \\$4dte$aGeck, Martin$d1936-2019$1http://www.wikidata.org/entity/Q100880$917580
=245  10$aBach und die deutsche Tradition des Komponierens:$bWirklichkeit und Ideologie. Festschrift Martin Geck zum 70. Geburtstag
=260  \\$aDortmund$bKlangfarben Musikverlag$c2009
=300  \\$a237 pages$bmusic$c24 cm
=490  1\$aDortmunder Bach-Forschungen$v9
=504  \\$aIncludes bibliographical references and indexes.
=505  0\$aKomponisten, Werkinterpretation, Geschichte / Reinhard Strohm -- Bachs Musik für Tasteninstrumente und ihre deutschen Wurzeln / Siegbert Rampe -- J.S. Bach und die Tradition der Choralpartita / Pieter Dirksen -- Zur Motivtechnik in Bachs Weimarer Werken / Jean-Claude Zehnder -- Pachelbel bei Bach : Anmerkungen zu zwei Werkpaaren / Friedhelm Krummacher -- Taktzahlen der Präludien und Fugen in Sammlungen mit Tastenmusik von J.S. Bach / Ulrich Siegele -- Bachscher Geist aus Mozarts Händen? Mozarts vier neue Streichtrio-Einleitungen zu vier dreistimmigen Fugen von Johann Sebastian und Wilhelm Friedemann Bach (KV 404a), aus ihrem Kontext heraus erklärt / Peter Sühring -- Bach-Rezeption in Julius Beckers Roman "Der Neuromantiker" / Thomas Synofzik -- Notwendige Korrekturen am Bach-Bild Felix Mendelssohn Bartholdys / Reinmar Emans -- Das Bach-Bild Fanny Hensels : Aus dem Entstehen einer Fanny-Hensel-Monographie / Peter Schleuning -- Wagner, Polyphonie, Kontrapunkt : angewendeter Bach / Klaus Döge -- "Diese dumme und lächerliche Psalmodie" : Hector Berlioz, Camille Saint-Saëns, Claude Debussy und die französische Bach-Rezeption / Michael Stegemann -- Instrumentalisierte Instrumentation : Zur Bach-Rezeption von Richard Strauss / Michael Heinemann -- War und ist die deutsche Musik/Musikwissenschaft ein Leitbild für die japanische? Mit einem Nachtrag von Tadashi Isoyama / Eizaburo Tsuchida
=590  \\$aBericht über das 6. Dortmunder Bach-Symposion 2006
=600  \0$aBach, Johann Sebastian$d1685-1750$1http://www.wikidata.org/entity/Q1339$94766
=600  \0$aMozart, Wolfgang Amadeus$d1756-1791$1http://www.wikidata.org/entity/Q254$95341
=600  \0$aBerlioz, Hector$d1803-1869$1http://www.wikidata.org/entity/Q1151$99542
=600  \0$aMendelssohn-Bartholdy, Felix$d1809-1847$1http://www.wikidata.org/entity/Q46096$94998
=600  \0$aWagner, Richard$d1813-1883$1http://www.wikidata.org/entity/Q1511$97120
=600  \0$aSaint-Saëns, Camille$d1835-1921$1http://www.wikidata.org/entity/Q150445$97644
=600  \0$aDebussy, Claude$d1862-1918$1http://www.wikidata.org/entity/Q4700$918776
=600  \0$aStrauss, Richard$d1864-1949$1http://www.wikidata.org/entity/Q13894$914264
=648  \0$a18th Century (1701-1800)$1http://www.wikidata.org/entity/Q7015$920899
=648  \0$a19th Century (1801-1900)$1http://www.wikidata.org/entity/Q6955$920935
=650  \0$aComposer$1http://www.wikidata.org/entity/Q36834$93625
=650  \0$aLegacy$1http://www.wikidata.org/entity/Q623282$922131
=650  \0$aInfluence$1http://www.wikidata.org/entity/Q1307337$922289
=651  \0$aGermany$1http://www.wikidata.org/entity/Q183$9155
=651  \0$aFrance$1http://www.wikidata.org/entity/Q142$9131
=700  \\$aEmans, Reinmar$d1953-$4edt$1http://www.wikidata.org/entity/Q95250256$921856
=700  \\$aSteinbeck, Wolfram$4edt$914210
=942  \\$cBOO
=952  \\$00$10$2ddc$40$6BIO_BACH1_E$70$8BIO$912554$aORPH$bORPH$cKTS1_P$d2020-07-08$eKoopman$i38F03$oBIO BACH1 e$p20122355$r2021-01-12 00:00:00$w2021-01-12$yBOO
=999  \\$d12572

