=LDR  01010aam a2200205   4500
=001  12573
=005  20250926134857.0
=008  230317s1951\\\\||||||||\||||\10|\0dger\d
=041  \\$ager
=245  \\$aBericht über die wissenschaftliche Bachtagung der Gesellschaft für Musikforschung, Leipzig 23. bis 26. Juli 1950
=260  \\$aLeipzig$bPeters$c1951
=600  \0$aBach, Johann Sebastian$d1685-1750$1http://www.wikidata.org/entity/Q1339$94766
=648  \0$a18th Century (1701-1800)$1http://www.wikidata.org/entity/Q7015$920899
=650  \0$aComposer$1http://www.wikidata.org/entity/Q36834$93625
=651  \0$aGermany$1http://www.wikidata.org/entity/Q183$9155
=700  \\$4edt$aVetter, Walther$d1891-1967$1http://www.wikidata.org/entity/Q2547492$915263
=700  \\$4edt$aMeyer, Ernst Hermann$d1905-1988$912742
=942  \\$cBOO
=952  \\$00$10$2ddc$40$6BIO_BACH1_E$70$8BIO$912555$aORPH$bORPH$cKTS1_P$d2020-07-08$eKoopman$i38F06$l1$oBIO BACH1 e$p20122352$r2024-01-25 00:00:00$s2024-01-10$w2021-01-12$yBOO
=999  \\$d12573

