=LDR  02926cam a2200265 a 4500
=001  12574
=008  071026s2006\\\\gw\ag\\\\\\\\\100\0\ger\d
=020  \\$a3873975831
=020  \\$a9783873975835
=041  0\$ager$aeng$afre
=042  \\$alccopycat
=110  \\$1http://www.wikidata.org/entity/Q2387823$aTage Alter Musik in Herne (Herne, Germany)$922695
=245  10$aViola da gamba und Viola da braccio.$bSymposium im Rahmen der 27. Tage Alter Musik in Herne 2002 
=260  \\$aMünchen $bMusikverlag Katzbichler$c2006
=300  \\$a243 pages$bill., music $c25 cm
=505  \\$gDie Viella : Wege zur Rekonstruktion eines spättmittelalterlichen Streichinstrumentes / Walter Waidosch
Was the "medieval viol" a giga? / Christian Rault
Bewunderter Ciciliano : Versuch einer Annäherung / Chrisitan Brosse
Über die Verwendung mehrteiliger Gambendecken im Norddeutschen Raum / Ingo Muthesius
Das englische Gambenconsort / Tilman Muthesius
Konzeption und Realisierung eines Consorts mit italienischen Renaissance-Violen da gamba / Hans-Georg Kramer
Salmon, Stefkins, Visconti, and Stradivari : an unlikely collaboration / Stewart Pollens
Antonio Cicilianos Viole da gamba in der Sammlung alter Musikinstrumente, Wien : Anmerkungen zum italienischen Gambenbau im 16. Jahrhundert / Rudolf Hopfner
Der Gambenbau der Venezianischen Familie Linarol : tchnologische Beobachtungen an einer Viola da gamba des Ventura Linarol von 1604 im Germanischen Nationalmuseum in Nürnberg / Klaus Martius
Der Munchner Gambenbau / Josef Focht
Von Hausmusik und Virtuosen : die Identität der niederländischen Gambe und ihre Musik im "Goldenen Zeitalter" / Johannes Boer
Die Viola de gamba in Marin Mersennes Harmonie universelle : Anmerkungen zum Livre quatriesme des instrumens a chordes / Ingo Negwer
Die Lyra Viol auf dem Kontinent und ihre Verwandten / Annette Otterstedt
Des violes de gambe dans une collection publique française / Josiane Bran-Ricci
Die Wiederentdeckung der Viola da Gamba in der Jugendbewegung / Sandra Zydek
"Viola" : Gambe, Bratsche oder Cello? : Probleme der Katalogisierung barocker Gambenmusik in Italien nach 1640 / Bettina Hoffman
Die Verwendung der Bratsche in den Kantaten Johann Theodor Roemhildts (1684-1756) / Christian Ahrens
Die Technik des solistischen Violaspiels im 18. Jahrhundert / Wolfgang Sawodny

=546  \\$aContributions in 16 German, 2 English and 1 French.
=648  \0$1http://www.wikidata.org/entity/Q192630$aPast$922196
=650  \0$aViola da gamba$1http://www.wikidata.org/entity/Q96066477$93955
=650  \0$aBowed string instrument$1http://www.wikidata.org/entity/Q192096$92398
=700  \\$aAhrens, Christian$d1943-$4edt$99058
=700  \\$aKlinke, Gregor$4edt$99060
=942  \\$cBOO
=952  \\$00$10$2ddc$40$6INS_4_000000000000000_5A_AHRE$70$8INS$912556$aORPH$bORPH$cKTS0$d2020-07-08$eKoopman$i38F15$l0$oINS4.5a AHRE$p20122315$r2021-01-12 00:00:00$w2021-01-12$yBOO$OKoopman
=999  \\$d12574

