=LDR  01214cam a2200277 a 4500
=001  12575
=005  20250120120106.0
=008  981209s1996\\\\fr\ag\\\\b\\\\001\0\fre\d
=020  \\$a2876923165
=040  \\$aOI
=041  \\$afre
=245  03$aLe Mouvement en musique a l'époque baroque
=260  \\$aMetz$bEditions Serpenoise$c1996
=300  \\$a243 pages$billustrations, music$c24 cm
=490  \\$aCollection "La lyre moderne"
=504  \\$aIncludes bibliographical references and index.
=590  \\$asous la direction d'Hervé Lacombe ; préface de Gustav Leonhardt
=648  \0$a17th Century (1601-1700)$1http://www.wikidata.org/entity/Q7016$920923
=650  \0$aRhythm$1http://www.wikidata.org/entity/Q170406$92724
=650  \0$aTempo$1http://www.wikidata.org/entity/Q189214$92723
=650  \0$aMusic history$1http://www.wikidata.org/entity/Q846047$921373
=700  \\$aLacombe, Hervé$4edt$915029
=700  \\$aLeonhardt, Gustav$d1928-2012$4win$1http://www.wikidata.org/entity/Q51584$917151
=942  \\$cBOO
=952  \\$00$10$2ddc$40$6GHM_5_000000000000000$70$8GHM$912557$aORPH$bORPH$cKM12_1$d2020-07-08$eKoopman$i38F17$l1$m1$oGHM5$p20122313$r2022-08-29 00:00:00$s2021-10-27$w2021-01-12$yBOO
=999  \\$d12575

