=LDR  01143cam a2200253 a 4500
=001  12576
=005  20250926134857.0
=008  880510m19899999enkacgh\\b\\\\001\0deng\\
=020  \\$a0521341051
=020  \\$a0521470676 (v. 2)
=040  \\$aOI
=245  00$aBach studies /$cedited by Don O. Franklin.
=260  \\$aCambridge [England] ;$aNew York :$bCambridge University Press,$c1989-<1995   >
=300  \\$av. <1-2   > :$bill., ports., music, facsims. ;$c24 cm.
=504  \\$aIncludes bibliographical references and index.
=600  \0$aBach, Johann Sebastian$d1685-1750$1http://www.wikidata.org/entity/Q1339$94766
=610  \0$aBach family$1http://www.wikidata.org/entity/Q169509$922324
=700  \\$aFranklin, Don O.$99329
=700  \\$aMelamed, Daniel R.$912700
=856  \\$uhttp://www.loc.gov/catdir/toc/cam023/88015961.html$3Table of contents
=856  \\$uhttp://www.loc.gov/catdir/description/cam023/88015961.html$3Publisher description
=942  \\$cBOO
=952  \\$00$10$2ddc$40$6BIO_BACH1_E$70$8BIO$912558$aORPH$bORPH$cKTS1_P$d2020-07-08$eKoopman$i38F22$oBIO BACH1 e$p20122333$r2021-01-12 00:00:00$w2021-01-12$yBOO
=999  \\$c12576$d12576

