=LDR  02180cam a2200301 a 4500
=001  12577
=005  20250926134857.0
=008  940118s1992\\\\gw\agh\\\b\\\\010\0\ger\\
=020  \\$a3765102873
=040  \\$aOI
=041  \\$ager
=100  \\$aDadelsen, Georg von$d1918-2007$1http://www.wikidata.org/entity/Q1506567$4dte$915030
=245  00$aAcht kleine Präludien und Studien über Bach.$bGeorg von Dadelsen zum 70. Geburtstag am 17. November 1988
=260  \\$aWiesbaden$bBreitkopf & Härtel$c1992
=300  \\$a96 pages$billustrations, music, facsimiles$c25 cm
=504  \\$aIncludes bibliographical references.
=505  \\$gZur Chronologie der Notenhandschriften Johann Gottfried Walthers / K. Beisswenger -- Über Forkels Vorlagen zum Druck des Wohltemperierten Klaviers I / A. Dürr --  Überlegungen zur Genese der Kantate Du Hirte Israel, höre BWV.104 / R. Emans -- Über Handschriften aus dem Besitz der Familie von Ingenheim / B. Faulstich -- Notentextprobleme in Bach Sechs Präludien für Anfänger auf dem Clavier BWV.933-938 / K. Hofmann -- Zur Teilung des Bachsen Erbes / Y. Kobayashi -- Musik aus Johann Sebastian Bachs Alltag: Textkritische Bemerkungen zu den drei Trauungschorälen BWV.250-252 / F. Rempp -- Bach und die Zahl 13 ... Marginalien zu einem Randthema / M. Wendt
=600  \0$aBach, Johann Sebastian$d1685-1750$1http://www.wikidata.org/entity/Q1339$94766
=600  \0$aWalther, Johann Gottfried$d1684-1748$1http://www.wikidata.org/entity/Q61716$915404
=600  \0$aForkel, Johann Nikolaus$d1749-1818$1http://www.wikidata.org/entity/Q57922$99221
=648  \0$a18th Century (1701-1800)$1http://www.wikidata.org/entity/Q7015$920899
=650  \0$aComposer$1http://www.wikidata.org/entity/Q36834$93625
=650  \0$aChorale$1http://www.wikidata.org/entity/Q724473$921334
=651  \0$aGermany$1http://www.wikidata.org/entity/Q183$9155
=710  \\$aJohann-Sebastian-Bach-Institut (Göttingen, Germany)$1http://www.wikidata.org/entity/Q1692186$4edt$91297
=942  \\$cBOO
=952  \\$00$10$2ddc$40$6BIO_BACH1_E$70$8BIO$912559$aORPH$bORPH$cKTS1_P$d2020-07-08$eKoopman$i38F23$oBIO BACH1 e$p20122332$r2021-01-12 00:00:00$w2021-01-12$yBOO
=999  \\$d12577

