=LDR  05191cam a2200529 a 4500
=001  12578
=005  20250926134857.0
=008  951102s1995\\\\gw\a\\\\\b\\\\010\0dger\\
=020  \\$a3928703676
=040  \\$aOI
=041  \\$ager
=100  \\$4dte$aFleischhauer, Günter$d1928-2002$1http://www.wikidata.org/entity/Q72937039$910889
=245  00$aTelemanniana et alia musicologica:$bFestschrift für Günter Fleischhauer zum 65. Geburtstag
=260  \\$aOschersleben$bZiethen$c1995
=300  \\$a274 pages$bill. ;$c24 cm.
=490  \\$aMichaelsteiner Forschungsbeiträge$v17
=500  \\$a"Verzeichnis der Veröffentlichungen Günter Fleischhauers": p. 263-272.
=504  \\$aIncludes bibliographical references.
=505  \\$aI. Allihn: Ein richtiges Gefühl von der natürlichen Bewegung -- A. Behrendt: Luise Reichardt, Gedanken zum stillen Dasein einer Tonsetzerin -- W. Braun: Codices Cerviccenses: Exzessive Repertoireplanungen einer sächsischen Kleinstadt zwischen 1590 und 1620 -- A. Clostermann: Der Ratsbuchdrucker-Streit -- G. Croll: Fremdländische Redouten-Tänze zur Zeit Mozarts -- L. Finscher: Arientypen und Personencharakteristik in Händels Poro -- K. von Fischer: Der Passionsgesang in einer evangelisch-liturgischen Karwochenordnung aus der Mitte des 19. Jahrhunderts -- D. Gutknecht: Zur Aufführungspraxis des Secco-Rezitativs in der ersten Hälfte des 18. Jahrhunderts -- W. Hirschmann: Georg Philipp Telemanns Festmusik zur Einweihung der Kirche in Rellingen (1756): Bemerkungen zur Quellenlage -- W. Hobohm: Neues aus dem Telemannischen Verlag -- K. Hortschansky: Fürstbischöfe als Musikmäzene -- C. Klein: Zur musikalischen Malerei G. Ph. Telemanns im Urteil der Musikhistoriographie im Zeitraum von 1767 bis 1907 -- H. Krones: Die Fortsetzung des musikalischen Lexici ist zum Druck fertig -- W. Maertens: Vorwort zur TA Band XXVII: Georg Philipp Telemann, Kapitänsmusik 1730 -- C. H. Mahling: Über Grenzen und Gefahren historischer Aufführungspraxis -- M. Märker: Einheit der Empfindung und des Charakters? Anmerkungen zu den Konzerten Johann Friedrich Reichardts -- K. W. Neumüller: Die Instrumentaleinleitungen der Kirchenkantaten zwischen Schütz und Bach -- H. G. Ottenberg: Johann Gottlieb Naumann 1741-1801: ein Komponist und seine Öffentlichkeit -- R. Pecman: Miscellanea Haendeliana -- Z. Pilkova: Zur Frage der Musiker aus böhmischen Ländern, die im Ausland wirkten 1740-1810 -- E. Pöhmann: Die Funktion des Chores in der Entwicklung des Dramas -- R. Rapp: Christoph Nichelmann: Zwei Cembalokonzerte oder Kurzer Versuch über den zweiten Satz -- A. Riethmüller: Notizen zur Rolle des Altertums in der Musikwissenschaft -- M. Ruhnke: Zu Telemanns Fugues légères et petits jeux -- W. Salmen: Zur Emanzipation jüdischer Musikanten in Franken -- H. J. Schulze: Der Schulmeister TWV.20:57, eine komische Kantate -- U. Siegele: Zur Datierung der kursächsischen Landestrauer von 1742 -- E. Simon: Argonauten beim Waffentanz -- M. Wehnert: Zum Charakter eines Musikkalenders, ein Erfahrungsbericht
=600  \0$aSchütz, Heinrich$d1585-1672$1http://www.wikidata.org/entity/Q153643$97240
=600  \0$aTelemann, Georg Philipp$d1681-1767$1http://www.wikidata.org/entity/Q75854$99287
=600  \0$aBach, Johann Sebastian$d1685-1750$1http://www.wikidata.org/entity/Q1339$94766
=600  \0$aHandel, George Frideric$d1685-1759$1http://www.wikidata.org/entity/Q7302$94765
=600  \0$aNichelmann, Christoph$d1717-1762$1http://www.wikidata.org/entity/Q87989$96524
=600  \0$aNaumann, Johann Gottlieb$d1741-1801$1http://www.wikidata.org/entity/Q213927$96177
=600  \0$aMozart, Wolfgang Amadeus$d1756-1791$1http://www.wikidata.org/entity/Q254$95341
=600  \0$aReichardt, Johann Friedrich$d1752-1814$1http://www.wikidata.org/entity/Q213742$95430
=648  \0$a18th Century (1701-1800)$1http://www.wikidata.org/entity/Q7015$920899
=648  \0$a19th Century (1801-1900)$1http://www.wikidata.org/entity/Q6955$920935
=650  \0$aAria$1http://www.wikidata.org/entity/Q178122$921592
=650  \0$aAlmanac$1http://www.wikidata.org/entity/Q171341$921366
=650  \0$aCantata$1http://www.wikidata.org/entity/Q174873$921603
=650  \0$aConcerto$1http://www.wikidata.org/entity/Q9748$921817
=650  \0$aDance$1http://www.wikidata.org/entity/Q6034$924845
=650  \0$aHistorically informed performance$1http://www.wikidata.org/entity/Q1344860$920980
=650  \0$aMusic history$1http://www.wikidata.org/entity/Q846047$921373
=650  \0$aOpera$1http://www.wikidata.org/entity/Q1344$92468
=650  \0$aPassion$1http://www.wikidata.org/entity/Q781815$92006
=650  \0$aPatronage$1http://www.wikidata.org/entity/Q214092$94245
=650  \0$aRecitative$1http://www.wikidata.org/entity/Q202534$93699
=651  \0$aGermany$1http://www.wikidata.org/entity/Q183$9155
=700  \\$aGutknecht, Dieter$d-1942$4edt$914574
=700  \\$aKrones, Hartmut$d1944-$4edt$922200
=700  \\$aZschoch, Frieder$4edt$916844
=942  \\$cBOO
=952  \\$00$10$2ddc$40$6TOP_DE_5_000000000000000$70$8TOP$912560$aORPH$bORPH$cKTS0$d2020-07-08$eKoopman$i38F25$oTOP DE 5$p20122330$r2021-01-12 00:00:00$w2021-01-12$yBOO
=999  \\$d12578

