=LDR  01043cam a22002531i 4500
=001  12580
=005  20250505102116.0
=008  771130s1974\\\\gw\afg\\\b\\\\010\0\ger\\
=015  \\$aGFR***
=020  \\$a3875370856
=040  \\$aOI
=041  \\$ager$aeng
=100  \\$4dte$aBoetticher, Wolfgang$d1914-2022$915033
=245  00$aConvivium musicorum. Festschrift Wolfgang Boetticher zum sechzigsten Geburtstag am 19. August 1974
=260  \\$aBerlin$b Merseburger$c1974
=300  \\$a395 pages$bill., music ;$c25 cm.
=504  \\$a"Bibliographie Wolfgang Boetticher 1937-1974": p. 373-393.
=504  \\$aIncludes bibliographical references.
=700  \\$aHüschen, Heinrich$d1915-1993$4edt$915034
=700  \\$aMoser, Dietz-Rüdiger$d1939-2010$4edt$915035
=942  \\$cBOO
=952  \\$00$10$2ddc$40$6REF_4_000000000000000_BOET$70$8REF$912562$aORPH$bORPH$cKM12_1$d2020-07-08$eKoopman$i38F42$l0$oREF 4 BOET$p20122339$r2021-01-12 00:00:00$w2021-01-12$yBOO
=999  \\$c12580$d12580
=650  \0$aMusic history$1http://www.wikidata.org/entity/Q846047$921373

