=LDR  00695aam a2200157   4500
=001  12581
=008  231027s1968\\\\|||a||||\||||\00|\1\dut\d
=041  \\$adut
=100  \\$aVries, Leonard de$d1919-2002$1http://www.wikidata.org/entity/Q2658482$4aut$4edt$915359
=245  \\$aLusthof der sexen:$bDe spiegel der vrijerij en minnekunst$nIV
=260  \\$aAmsterdam$bMeulenhoff$c1968
=650  \0$aEroticism$1http://www.wikidata.org/entity/Q3519050$924422
=650  \0$aLiterature$1http://www.wikidata.org/entity/Q8242$94439
=942  \\$cBOO
=952  \\$00$10$2ddc$40$6LIT_VRIE_A$70$8LIT$912563$aORPH$bORPH$cKM12_2_H$d2020-07-08$eKoopman$i40D16$oLIT VRIE a$p20122300$r2021-01-12 00:00:00$w2021-01-12$yBOO
=999  \\$d12581

