=LDR  01123cam a2200253 a 4500
=001  12586
=005  20251008130227.0
=008  861016s1984\\\\gw\ag\\\\b\\\\000\0\ger\c
=041  \\$ager
=100  \\$aGradenwitz, Peter$d1910-2001$4edt$911231
=245  04$aDas Heilige Land in Augenzeugenberichten:$baus Reiseberichten deutscher Pilger, Kaufleute und Abenteurer vom 10. bis 19. Jahrhundert
=250  \\$a1st ed.
=260  \\$aMunich$bDTV$c1984
=300  \\$a264-[1] pages
=504  \\$aBibliography: p. 253-[265].
=650  \0$aCultural history$1http://www.wikidata.org/entity/Q858517$922395
=650  \0$aPilgrimage$1http://www.wikidata.org/entity/Q1644573$924755
=650  \0$aReligion$1http://www.wikidata.org/entity/Q9174$93062
=650  \0$aDiary$1http://www.wikidata.org/entity/Q185598$921711
=650  \0$aTravel$1http://www.wikidata.org/entity/Q61509$94440
=651  \0$aPalestine$1http://www.wikidata.org/entity/Q23792$9235
=942  \\$cBOO
=952  \\$00$10$2ddc$40$6TOP_PS$70$8TOP$912568$aORPH$bORPH$cKTS0$d2020-07-08$eKoopman$i40D34$l0$oTOP PS$p20122283$r2021-01-12 00:00:00$w2021-01-12$yBOO$OKoopman
=999  \\$d12586

