=LDR  00317    a2200097   4500
=001  12591
=245  \\$aNoodlot en vroomheid
=260  \\$c1959
=942  \\$cBOO
=952  \\$00$10$2ddc$40$6LIT_BAKK_A$70$8LIT$912573$aORPH$bORPH$cKM12_2_H$d2020-07-08$eKoopman$i40F03$oLIT BAKK a$p20122267$r2021-01-12 00:00:00$w2021-01-12$yBOO
=999  \\$c12591$d12591

