=LDR  00816    a2200181   4500
=001  12592
=008  220428s1963\\\\||||||||\||||\00|\p\ger\d
=041  \\$ager$hgrc
=100  \\$aWirth, G.$4edt$924008
=245  \\$aGriechische Lyrik$bvon den Anfängen bis zu Pindar (Griechisch und Deutsch)
=260  \\$aReinbek$bRowohlt$c1963
=490  \\$aRowohlts Klassiker der Literatur und der Wissenschaft
=648  \0$aClassical Antiquity (8th Century BC-6th Century AD)$1http://www.wikidata.org/entity/Q486761$921435
=650  \0$aPoetry$1http://www.wikidata.org/entity/Q482$93026
=651  \0$aGreece$1http://www.wikidata.org/entity/Q41$921778
=942  \\$cBOO
=952  \\$00$10$2ddc$40$6LIT_WIRT_A$70$8LIT$912574$aORPH$bORPH$cKM12_2_H$d2020-07-08$eKoopman$i40F04$oLIT WIRT a$p20122266$r2021-01-12 00:00:00$w2021-01-12$yBOO
=999  \\$d12592

