=LDR  00847    a2200193   4500
=001  12593
=008  210810s1949\\\\||||||||\||||\00|\0\mul\d
=041  \\$adut$agrc
=100  \\$aKoster, W. J. W.$4edt$921986
=245  \\$aFragmenten van Grieksche denkers vóór Socrates
=260  \\$aZwolle$bTjeenk Willink$c1949
=300  \\$a111 pages
=490  \\$aScriptores græci et romani$vXXIV
=561  \\$aStamp of Boekhandel De Slegte, Amsterdam, 11 March 1965; purchased for fl. 2
=648  \0$aClassical Antiquity (8th Century BC-6th Century AD)$1http://www.wikidata.org/entity/Q486761$921435
=650  \0$aPhilosophy$1http://www.wikidata.org/entity/Q5891$92357
=942  \\$cBOO
=952  \\$00$10$2ddc$40$6PHI_KOST_A$70$8PHI$912575$aORPH$bORPH$cKM12_3_2$d2020-07-08$eKoopman$i40F18$oPHI KOST a$p20130278$r2021-01-12 00:00:00$w2021-01-12$yBOO
=999  \\$c12593$d12593

