=LDR  00682    a2200169   4500
=001  12594
=008  220428s1960\\\\||||||||\||||\00|\p\ger\d
=041  \\$ager$hgrc
=100  \\$aMöricke, E.$4edt$924009
=245  \\$aGriechische Lyrik
=260  \\$bFischer$c1960
=648  \0$aClassical Antiquity (8th Century BC-6th Century AD)$1http://www.wikidata.org/entity/Q486761$921435
=650  \0$aPoetry$1http://www.wikidata.org/entity/Q482$93026
=651  \0$aGreece$1http://www.wikidata.org/entity/Q41$921778
=942  \\$cBOO
=952  \\$00$10$2ddc$40$6LIT_MORI_A$70$8LIT$912576$aORPH$bORPH$cKM12_2_H$d2020-07-08$eKoopman$i40F23$oLIT MORI a$p20120234$r2021-01-12 00:00:00$w2021-01-12$yBOO
=999  \\$d12594

