=LDR  00318    a2200097   4500
=001  12596
=245  \\$aRömische Liebeslyrik
=260  \\$c1964
=942  \\$cBOO
=952  \\$00$10$2ddc$40$6LIT_DORM_A$70$8LIT$912578$aORPH$bORPH$cKM12_2_H$d2020-07-08$eKoopman$i40F29$oLIT DORM a$p20120228$r2021-01-12 00:00:00$w2021-01-12$yBOO
=999  \\$c12596$d12596

