=LDR  02054aam a2200301   4500
=001  12597
=008  231027s1966\\\\|||ah|||\||||\00|\1\dut\d
=041  \\$adut
=100  \\$aVries, Leonard de$d1919-2002$1http://www.wikidata.org/entity/Q2658482$4aut$4edt$915359
=245  \\$aVenus' Lusthof:$bDe spiegel der vrijerij en minnekunst
=250  \\$a5th ed.
=260  \\$aAmsterdam$bMeulenhoff$c1966
=300  \\$a208 pages$billustrations, facsimiles
=490  \\$aMeulehoff Editie$vE 54
=534  \\$aOriginally published in 1964
=590  \\$avertonende allerhande tafereln van de liefde en wellust, de galante avonturen van een lichtmis, dichtluimen van wijlen de zeer erotische heer P. Boddaert, nauwgezette beschrijvingen van ’t Amsterdams Hoerdom, l’Escole des Filles of de school voor jonge dochters waarin geleerd wordt de kunst der vrijerij onderrichting tot het schrijven van minnebrieven, hoe jongelingen te beveiligen tegen de ontucht enz. enz. enz. dit alles ten dienste van vrijers en vrijsters en allen die minnen uit het rijk van Venus en Cupido bijeengebracht door UEdelheids allergehoorzaamste, ootmoedigste en getrouwste dienaar Leonard de Vries
=648  \0$a17th Century (1601-1700)$1http://www.wikidata.org/entity/Q7016$920923
=648  \0$a18th Century (1701-1800)$1http://www.wikidata.org/entity/Q7015$920899
=648  \0$a19th Century (1801-1900)$1http://www.wikidata.org/entity/Q6955$920935
=650  \0$aEroticism$1http://www.wikidata.org/entity/Q3519050$924422
=650  \0$aProstitution$1http://www.wikidata.org/entity/Q36633$94678
=650  \0$aMoral education$1http://www.wikidata.org/entity/Q25457248$93171
=650  \0$aPoetry$1http://www.wikidata.org/entity/Q482$93026
=650  \0$aLiterature$1http://www.wikidata.org/entity/Q8242$94439
=651  \0$aNetherlands$1http://www.wikidata.org/entity/Q55$9173
=942  \\$cBOO
=952  \\$00$10$2ddc$40$6LIT_VRIE_A$70$8LIT$912579$aORPH$bORPH$cKM12_2_H$d2020-07-08$eKoopman$i40G04$l1$m1$oLIT VRIE a$p20122259$r2023-12-04 00:00:00$s2023-10-18$w2021-01-12$yBOO
=999  \\$d12597

