=LDR  00763aam a2200169   4500
=001  12598
=008  231027s1967\\\\||||||||\||||\00|\1\dut\d
=041  \\$adut
=100  \\$aVries, Leonard de$d1919-2002$1http://www.wikidata.org/entity/Q2658482$4aut$4edt$915359
=245  \\$aLiefdes Lusthof:$bDe spiegel der vrijerij en minnekunst$nIII
=260  \\$aAmsterdam$bMeulenhoff$c1967
=650  \0$aEroticism$1http://www.wikidata.org/entity/Q3519050$924422
=650  \0$aLiterature$1http://www.wikidata.org/entity/Q8242$94439
=651  \0$aNetherlands$1http://www.wikidata.org/entity/Q55$9173
=942  \\$cBOO
=952  \\$00$10$2ddc$40$6LIT_VRIE_A$70$8LIT$912580$aORPH$bORPH$cKM12_2_H$d2020-07-08$eKoopman$i40G05$oLIT VRIE a$p20122258$r2021-01-12 00:00:00$w2021-01-12$yBOO
=999  \\$d12598

