=LDR  01045aam a2200241   4500
=001  12601
=008  250603r19761959|||\||||\||||\001\0dger\d
=041  \\$ager$hfre
=245  \\$aDie Französiche Revolution in Augenzeugenberichten
=260  \\$c1976$aMunich$bDTV
=300  \\$a423 pages
=534  \\$aLa Révolution$cParis: Julliard, 1959
=648  \0$a18th Century (1701-1800)$1http://www.wikidata.org/entity/Q7015$920899
=650  \0$aHistory$1http://www.wikidata.org/entity/Q309$921403
=650  \0$aMemoir$1https://www.wikidata.org/wiki/Q112983$939913
=650  \0$aCorrespondence$1http://www.wikidata.org/entity/Q1784733$921392
=651  \0$aFrance$1http://www.wikidata.org/entity/Q142$9131
=700  1\$aPernoud, Georges$4edt$940302
=700  1\$aFlaissier, Sabine$4edt$940303
=700  1\$aThürnau, Hagen$d1881-1973$4trl$940304
=942  \\$cBOO
=952  \\$00$10$2ddc$40$6TOP_FR_5_000000000000000$70$8TOP$912583$aORPH$bORPH$cKTS0$d2020-07-08$eKoopman$i40G12$l0$oTOP FR 5$p20122252$r2021-01-12 00:00:00$w2021-01-12$yBOO$OKoopman
=999  \\$d12601

