=LDR  00317    a2200097   4500
=001  12602
=245  \\$aEen ster wees de weg
=260  \\$c1959
=942  \\$cBOO
=952  \\$00$10$2ddc$40$6LIT_LEEF_A$70$8LIT$912584$aORPH$bORPH$cKM12_2_H$d2020-07-08$eKoopman$i40G13$oLIT LEEF a$p20122251$r2021-01-12 00:00:00$w2021-01-12$yBOO
=999  \\$c12602$d12602

