=LDR  00599    a2200157   4500
=001  12603
=008  220524s1959\\\\||||||||\||||\00|\p\dut\d
=041  \\$adut
=245  \\$aDe muze kent geen Babel:$bPoëzie uit alle werelddelen in vertaling
=260  \\$aAmsterdam$bQuerido$c1959
=650  \0$aPoetry$1http://www.wikidata.org/entity/Q482$93026
=700  \\$4edt$aVoerman, D.$924263
=700  \\$4edt$aBraasem, W. A.$924264
=942  \\$cBOO
=952  \\$00$10$2ddc$40$6LIT_VOER_A$70$8LIT$912585$aORPH$bORPH$cKM12_2_H$d2020-07-08$eKoopman$i40G14$oLIT VOER a$p20122250$r2021-01-12 00:00:00$w2021-01-12$yBOO
=999  \\$d12603

