=LDR  00312    a2200097   4500
=001  12604
=245  \\$aVlaamse poëzie
=260  \\$c1965
=942  \\$cBOO
=952  \\$00$10$2ddc$40$6LIT_VAND_A$70$8LIT$912586$aORPH$bORPH$cKM12_2_H$d2020-07-08$eKoopman$i40G33$oLIT VAND a$p20130285$r2021-01-12 00:00:00$w2021-01-12$yBOO
=999  \\$c12604$d12604

