=LDR  00976aam a2200205   4500
=001  12606
=008  230217s1968\\\\||||||||\||||\00|\p\dut\d
=041  \\$adut
=100  \\$4edt$aHeijden, Marcel van der$d1931-$1http://www.wikidata.org/entity/Q2236308$910337
=245  \\$aWie wil horen een goed nieuw lied?$bLiederen en gedichten uit de middeleeuwen
=260  \\$aUtrecht$bSpectrum$c1968
=490  \\$aSpectrum van de Nederlandse letterkunde
=648  \0$aMiddle Ages (500-1400)$1http://www.wikidata.org/entity/Q12554$920964
=650  \0$aSong$1http://www.wikidata.org/entity/Q7366$94164
=650  \0$aPoetry$1http://www.wikidata.org/entity/Q482$93026
=651  \0$aNetherlands$1http://www.wikidata.org/entity/Q55$9173
=651  \0$aFlanders (Belgium)$1http://www.wikidata.org/entity/Q234$989
=942  \\$cBOO
=952  \\$00$10$2ddc$40$6LIT_HEIJ_A$70$8LIT$912588$aORPH$bORPH$cKM12_2_H$d2020-07-08$eKoopman$i40G45$oLIT HEIJ a$p20122225$r2021-01-12 00:00:00$w2021-01-12$yBOO
=999  \\$d12606

