=LDR  00877aam a2200193   4500
=001  12607
=008  230217s1968\\\\||||||||\||||\00|\p\dut\d
=041  \\$adut
=100  \\$4edt$aHeijden, Marcel van der$d1931-$1http://www.wikidata.org/entity/Q2236308$910337
=245  \\$aO Muze kom nu voort:$bontluikende renaissance
=260  \\$c1968$bPrisma$aUtrecht
=490  \\$aSpectrum der Nederlandse letterkunde$v6
=648  \0$aRenaissance (1400-1600)$1http://www.wikidata.org/entity/Q4692$920965
=650  \0$aPoetry$1http://www.wikidata.org/entity/Q482$93026
=651  \0$aNetherlands$1http://www.wikidata.org/entity/Q55$9173
=651  \0$aFlanders (Belgium)$1http://www.wikidata.org/entity/Q234$989
=942  \\$cBOO
=952  \\$00$10$2ddc$40$6LIT_HEIJ_A$70$8LIT$912589$aORPH$bORPH$cKM12_2_H$d2020-07-08$eKoopman$i40G46$oLIT HEIJ a$p20122224$r2021-01-12 00:00:00$w2021-01-12$yBOO
=999  \\$d12607

