=LDR  00325    a2200097   4500
=001  12608
=245  \\$aSchaduwen bij een beddekaars
=260  \\$c1967
=942  \\$cBOO
=952  \\$00$10$2ddc$40$6LIT_MARA_A$70$8LIT$912590$aORPH$bORPH$cKM12_2_H$d2020-07-08$eKoopman$i40G48$oLIT MARA a$p20122223$r2021-01-12 00:00:00$w2021-01-12$yBOO
=999  \\$c12608$d12608

