=LDR  00323    a2200097   4500
=001  12610
=245  \\$aZo sprak mijn lief mij toe
=260  \\$cs.d.
=942  \\$cBOO
=952  \\$00$10$2ddc$40$6LIT_REIJ_A$70$8LIT$912592$aORPH$bORPH$cKM12_2_H$d2020-07-08$eKoopman$i40G50$oLIT REIJ a$p20130290$r2021-01-12 00:00:00$w2021-01-12$yBOO
=999  \\$c12610$d12610

