=LDR  00323    a2200097   4500
=001  12611
=245  \\$aHoort wat men u spelen zal
=260  \\$c1968
=942  \\$cBOO
=952  \\$00$10$2ddc$40$6LIT_HEIJ_A$70$8LIT$912593$aORPH$bORPH$cKM12_2_H$d2020-07-08$eKoopman$i40H02$oLIT HEIJ a$p20122219$r2021-01-12 00:00:00$w2021-01-12$yBOO
=999  \\$c12611$d12611

