=LDR  01903    a2200337   4500
=001  12612
=008  250905s1968\\\\|||a||||\||||\00|\h\dut\d
=041  \\$adut
=100  \\$aHeijden, M. C. A. van der$4edt$941126
=245  \\$aProfijtelijk vermaak:$bmoraliteit en satire uit de 16e en 17e eeuw
=260  \\$c1968$aUtrecht$aAntwerp$bPrisma-Boeken
=300  \\$a350 pages$billustrations
=490  \\$aSpectrum van de Nederlandse letterkunde$v10
=504  \\$aIncludes a biography
=648  \0$a16th Century (1501-1600)$1http://www.wikidata.org/entity/Q7017$920944
=648  \0$a17th Century (1601-1700)$1http://www.wikidata.org/entity/Q7016$920923
=650  \0$aMoral education$1http://www.wikidata.org/entity/Q25457248$93171
=650  \0$aSatire$1http://www.wikidata.org/entity/Q128758$921636
=650  \0$aPoetry$1http://www.wikidata.org/entity/Q482$93026
=650  \0$aEmblem$1http://www.wikidata.org/entity/Q112110$93250
=651  \0$aNetherlands$1http://www.wikidata.org/entity/Q55$1http://www.wikidata.org/entity/Q29999$9173
=651  \0$aFlanders (Belgium)$1http://www.wikidata.org/entity/Q234$989
=700  \\$aCrul, Cornelis$d1500-1550$1http://www.wikidata.org/entity/Q2255332$4aut$941127
=700  \\$aHooft, Pieter Corneliszoon$d1581-1647$1http://www.wikidata.org/entity/Q10914484$4aut$95139
=700  \\$aVisscher, Roemer$d1547-1620$1http://www.wikidata.org/entity/Q2384352$4aut$924766
=700  \\$aHuygens, Constantijn$d1596-1687$1http://www.wikidata.org/entity/Q560746$4aut$95174
=700  \\$aVondel, Joost van den$d1587-1679$1http://www.wikidata.org/entity/Q312673$4aut$95247
=700  \\$aBrune, Johan de$d1588-1658$1http://www.wikidata.org/entity/Q2012308$4aut$96830
=942  \\$cBOO
=952  \\$00$10$2ddc$40$6LIT_HEIJ_A$70$8LIT$912594$aORPH$bORPH$cKM12_2_H$d2020-07-08$eKoopman$i40H03$l1$oLIT HEIJ a$p20122218$r2025-09-10 15:47:32$s2025-08-29$w2021-01-12$yBOO
=999  \\$d12612

