=LDR  01008nam a2200241 a 4500
=001  12613
=005  20250120120238.0
=008  000710s1973\\\\ne\\\\\|r\\\\|000\||dut|d
=020  \\$a9027435448
=041  \\$adut
=050  00$aPT5450$b.H6
=100  \\$4edt$aHeijden, Marcel van der$d1931-$1http://www.wikidata.org/entity/Q2236308$910337
=245  03$a't Hoge huis te Muiden:$bteksten uit de Muiderkring
=260  \\$aUtrecht$bSpectrum$c1972
=300  \\$a319 pages
=490  0\$aSpectrum van de Nederlandse letterkunde$v8
=590  \\$asamenst., inl. en toel. van M. C. A. Van der Heijden
=648  \0$a17th Century (1601-1700)$1http://www.wikidata.org/entity/Q7016$920923
=650  \0$aLiterature$1http://www.wikidata.org/entity/Q8242$94439
=651  \0$aNetherlands$1http://www.wikidata.org/entity/Q55$9173
=942  \\$cBOO
=952  \\$00$10$2ddc$40$6LIT_MOORMUID_A$70$8LIT$912595$aORPH$bORPH$cKM12_2_H$d2020-07-08$eKoopman$i40H08$oLIT MOOR-->MUID a$p20122213$r2021-01-12 00:00:00$w2021-01-12$yBOO
=999  \\$d12613

