=LDR  00959cam a2200229 a 4500
=001  12614
=005  20250120120131.0
=008  110325s2010\\\\ne\a\\\\\b\\\\000\0\dut\\
=020  \\$a9789087041816
=040  \\$aOI
=245  04$aHet geloof dat inzicht zoekt :$breligieuzen en de wetenschap /$conder redactie van Joep van Gennip, Marie-Antoinette Th. Willemsen.
=260  \\$aHilversum :$bVerloren,$c2010.
=300  \\$a224 p. :$bill. ;$c24 cm.
=490  0\$aMetamorfosen ;$v9
=504  \\$aIncludes bibliographical references.
=650  \0$aReligion$1http://www.wikidata.org/entity/Q9174$93062
=700  \\$aGennip, Joep van,$d-1979$915046
=700  \\$aWillemsen, Marie-Antoinette Thérèse$911071
=942  \\$cBOO
=952  \\$00$10$2ddc$40$6PHI_GENN_A$70$8PHI$912596$aORPH$bORPH$cKM12_3_2$d2020-07-08$eKoopman$i41A06$oPHI GENN a$p20120211$r2021-01-12 00:00:00$w2021-01-12$yBOO
=999  \\$c12614$d12614
=651  \0$aNetherlands$1http://www.wikidata.org/entity/Q55$9173

