=LDR  01370cam a2200289 a 4500
=001  12615
=005  20250120120202.0
=008  840710s1978\\\\mdua\\\\\b\\\\001\0\eng\\
=020  \\$a0806307870
=040  \\$aOI
=041  1\$aeng$hdut
=100  \\$aLachaire, Salomon$4aut$915048
=245  14$aThe Register of Salomon Lachaire, Notary Public of New Amsterdam, 1661-1662
=260  \\$aBaltimore$bGenealogical Pub. Co.$c1978
=300  \\$axix, 241 p. :$bill. ;$c24 cm.
=490  \\$aNew York Historical Manuscripts.
=504  \\$aBibliography: p. xviii-xix.
=590  \\$atranslated from the original Dutch manuscript in the office of the Clerk of the Common Council of New York by E.B. O'Callaghan ; edited and indexed by Kenneth Scott & Kenn Stryker-Rodda ; with an introduction by Kenneth Scott.
=648  \0$a17th Century (1601-1700)$1http://www.wikidata.org/entity/Q7016$920923
=651  \0$aNew York City (USA)$1http://www.wikidata.org/entity/Q60$959
=700  \\$aO'Callaghan, E. B.$4trl$921183
=700  \\$aScott, Kenneth,$d1900-1993.$4edt$915049
=700  \\$aStryker-Rodda, Kenn$4edt$915050
=942  \\$cBOO
=952  \\$00$10$2ddc$40$6BIO_LACH_A$70$8BIO$912597$aORPH$bORPH$cKTS1_P$d2020-07-08$eKoopman$i41A07$l0$oBIO LACH a$p20120210$r2021-01-12 00:00:00$w2021-01-12$yTYPE_UNK
=999  \\$c12615$d12615
=650  \0$aLaw$1http://www.wikidata.org/entity/Q7748$93727

