=LDR  01646cam a2200289 a 4500
=001  12616
=008  820521s1980\\\\ne\a\\\\\b\\\\011\0\mul\\
=020  \\$a9060721705
=041  0\$aeng$ager$afre$adut
=245  00$aHellinga. Festschrift/feestbundel/Mélanges.$bForty-three studies in bibliography presented to prof. Dr. Wytze Hellinga on the occasion of his retirement from the Chair of Neophilology in the University of Amsterdam at the end of the year 1978
=260  \\$aAmsterdam$bIsrael$c1980
=300  \\$axxvii-576 pages$bill. $c25 cm.
=504  \\$aIncludes bibliographical references and index.
=600  \0$aHellinga, W. G.$d1908-1985$1http://www.wikidata.org/entity/Q3099725$911502
=610  \0$aUniversiteitsbibliotheek van Amsterdam (Netherlands)$1http://www.wikidata.org/entity/Q2017571$91293
=650  \0$aBibliophilia$1http://www.wikidata.org/entity/Q214719$921630
=650  \0$aBook$1http://www.wikidata.org/entity/Q571$92285
=650  \0$aLibrary$1http://www.wikidata.org/entity/Q7075$94229
=650  \0$aIncunable$1http://www.wikidata.org/entity/Q216665$93964
=650  \0$aCultural history$1http://www.wikidata.org/entity/Q858517$922395
=651  \0$aAmsterdam (Netherlands)$1http://www.wikidata.org/entity/Q727$9135
=700  \\$aCroiset van Uchelen, A. R. A.$4edt$914854
=700  \\$aBraches, Ernst$4win$926752
=700  \\$aHellinga, W. G.$d1908-1985$1http://www.wikidata.org/entity/Q3099725$4dte$911502
=942  \\$cBOO
=952  \\$00$10$2ddc$40$6BIB_1_000000000000000_HELL$70$8BIB$912598$aORPH$bORPH$cKTS0$d2020-07-08$eKoopman$i41A10$l0$oBIB1 HELL$p20120207$r2021-01-12 00:00:00$w2021-01-12$yBOO$OKoopman
=999  \\$d12616

