=LDR  01164aam a2200229   4500
=001  12617
=008  230425s2007\\\\gw\af|||\||||\00|\0\ger\d
=041  \\$ager
=245  \\$a“Wir loben deine Kunst, Dein Preiß ist hoch zu schätzen..." Der Orgelbauer Gottfried Silbermann (1683-1753).$bSymposium im Rahmen der 28. Tage Alte Musik in Herne 2003
=260  \\$c2007$aMunich$aSalzburg$bKatzbichler
=300  \\$a110 pages
=600  \0$1http://www.wikidata.org/entity/Q61720$aSilbermann, Gottfried$d1683-1753$914779
=648  \0$1http://www.wikidata.org/entity/Q7015$a18th Century (1701-1800)$920899
=650  \0$1http://www.wikidata.org/entity/Q1444$aOrgan$92810
=650  \0$1http://www.wikidata.org/entity/Q899293$aOrganology$921400
=651  \0$1http://www.wikidata.org/entity/Q1731$aDresden (Germany)$947
=700  \\$4ctb$aAhrens, Christian$d1943-$99058
=700  \\$4ctb$99060$aKlinke, Gregor
=710  \\$4edt$aHerne (Arnsberg, Germany)$91191
=942  \\$cBOO
=952  \\$00$10$2ddc$40$6INS_3_000000000000000_1B_SILB$70$8INS$912599$aORPH$bORPH$cKTS0$d2020-07-08$eKoopman$i41A18$l0$oINS3.1b SILB$p20120197$r2021-01-12 00:00:00$w2021-01-12$yBOO$OKoopman
=999  \\$d12617

