=LDR  01096cam a2200277 a 4500
=001  12619
=005  20250428124009.0
=008  110808s2011\\\\ne\\\\\\\b\\\\001\0\dut\d
=010  \\$a  2011522975
=016  7\$a015905838$2Uk
=020  \\$a9789025367190 (pbk.)
=020  \\$a9025367194 (pbk.)
=040  \\$aOI
=041  \\$adut
=100  \\$4edt$aWennekes, Emile$d-1963$915052
=245  00$aVan Mengelberg tot meezing-Mattheus:$bklassieke-muziekcultuur in Nederland
=260  \\$aAmsterdam$bAthenaeum-Polak & van Gennep$c2011
=300  \\$a229 pages$c22 cm
=504  \\$aIncludes bibliographical references and index.
=650  \0$aMusic history$1http://www.wikidata.org/entity/Q846047$921373
=650  \0$aConcert$1http://www.wikidata.org/entity/Q182832$921044
=651  \0$aNetherlands$1http://www.wikidata.org/entity/Q55$9173
=700  \\$aKoopman, Ton$d1944-$4win$1http://www.wikidata.org/entity/Q445121$910491
=942  \\$cBOO
=952  \\$00$10$2ddc$40$6TOP_NL$70$8TOP$912601$aORPH$bORPH$cKTS0$d2020-07-08$eKoopman$i41A27$oTOP NL$p20120188$r2021-01-12 00:00:00$w2021-01-12$yBOO
=999  \\$d12619

