=LDR  01053cam a2200229 a 4500
=001  12620
=005  20211001160121.0
=008  840321s1982\\\\gw\acfg\\b\\\\100\0dger\\
=020  \\$a3873975041
=040  \\$aOI
=111  2\$aInternationales Kraus-Symposion$n(2nd :$d1980 :$cBuchen/Odenwald, Germany)
=245  10$aJoseph Martin Kraus in seiner Zeit :$bReferate des zweiten internationalen Kraus-Symposions in Buchen 1980 /$chrsg. von Friedrich W. Riedel.
=260  \\$aMünchen :$bE. Katzbichler,$c1982.
=300  \\$a217 p., [12] p. of plates :$bill., ports., music, facsims. ;$c25 cm.
=500  \\$aErrata slip inserted.
=504  \\$aIncludes bibliographical references.
=600  10$aKraus, Joseph Martin,$d1756-1792$xCongresses.
=700  1\$aRiedel, Friedrich Wilhelm.
=952  \\$00$10$2ddc$40$6BIO_KRAU_E$70$8BIO$912602$aORPH$bORPH$cKTS1_P$d2020-07-08$eKoopman$i41A29$l0$oBIO KRAU e$p20120186$r2021-01-12 00:00:00$w2021-01-12$yBOO$OKoopman
=999  \\$c12620$d12620
=490  \\$aStudien zur Landes- und Sozialgeschichte der Musik ;$vBd. 5
=942  \\$cBOO

