=LDR  01257nam a2200241 a 4500
=001  12621
=005  20250205110319.0
=008  910619s1991\\\\au\a\\\\\c\\\\000\0dger\\
=020  \\$a3854191359 :$cS298.00
=040  \\$aOI
=111  \\$aSalzburger Landesausstellung$n(6th :$d1991 :$cSchloss Klessheim)$94728
=245  10$aMozart :$bBilder und Klänge : 6. Salzburger Landesausstellung, Schloss Klessheim, Salzburg, 23. März bis 3. November 1991 /$cVeranstalter, Land Salzburg im Zusammenarbeit mit der Internationalen Stiftung Mozarteum ; verantwortlich, Herbert Werner ; [Redaktion, Rudolph Angermüller, Geneviève Geffray].
=250  \\$a1. Aufl.
=260  \\$aSalzburg :$bSalzburger Landesausstellungen,$c1991.
=300  \\$a424 p. :$bill. (some col.) ;$c30 cm.
=600  \0$aMozart, Wolfgang Amadeus$d1756-1791$1http://www.wikidata.org/entity/Q254$95341
=700  \\$aWerner, Herbert$915053
=700  \\$aAngermüller, Rudolph$99130
=700  \\$aGeffray, Geneviève$912888
=710  \\$aInternationale Stiftung Mozarteum Salzburg (Austria)$91479
=942  \\$cBOO
=952  \\$00$10$2ddc$40$6BIO_MOZA1_B$70$8BIO$912603$aORPH$bORPH$cKTS1_P$d2020-07-08$eKoopman$i41C04$oBIO MOZA1 b$p20122181$r2021-01-12 00:00:00$w2021-01-12$yBOO$OKoopman
=999  \\$c12621$d12621

