=LDR  00359    a2200109   4500
=001  12622
=020  \\$a9788890099045
=245  \\$aRame, inchiostro e bulino
=260  \\$c2004
=942  \\$cBOO
=952  \\$00$10$2ddc$40$6BIO_SADE_A$70$8BIO$912604$aORPH$bORPH$cKTS1_P$d2020-07-08$eKoopman$i41C05$oBIO SADE a$p20122180$r2021-01-12 00:00:00$w2021-01-12$yBOO$OKoopman
=999  \\$c12622$d12622

