=LDR  01821aam a2200337   4500
=001  12624
=008  250506s2010\\\\|||a||||\||||\011\0dger\d
=041  \\$ager
=245  \\$aDie Universität Tübingen zwischen Reformation und Dreissigjährigen Krieg.$bFestgabe für Dieter Mertens zum 70. Geburtstag
=260  \\$c2010$aOstfildern$bThorbecke
=300  \\$a484 pages
=490  \\$aTübinger Bausteine zur Landegeschichte$v14
=610  \0$aEberhard Karls Universität Tübingen (Germany)$1http://www.wikidata.org/entity/Q153978$926274
=648  \0$a16th Century (1501-1600)$1http://www.wikidata.org/entity/Q7017$920944
=648  \0$a17th Century (1601-1700)$1http://www.wikidata.org/entity/Q7016$920923
=650  \0$aEducation$1http://www.wikidata.org/entity/Q8434$926206
=650  \0$aCultural history$1http://www.wikidata.org/entity/Q858517$922395
=650  \0$aInstitution$1http://www.wikidata.org/entity/Q178706$94241
=650  \0$aPolitics$1http://www.wikidata.org/entity/Q7163$921826
=650  \0$aTheology$1http://www.wikidata.org/entity/Q34178$93009
=650  \0$aLaw$1http://www.wikidata.org/entity/Q7748$93727
=650  \0$aHumanism$1http://www.wikidata.org/entity/Q46158$92157
=650  \0$aMedicine$1http://www.wikidata.org/entity/Q11190$921959
=651  \0$aTübingen (Germany)$1http://www.wikidata.org/entity/Q3806$926842
=700  \\$aKöpf, Ulrich$4edt$940157
=700  \\$aLorenz, Sönke$4edt$940158
=700  \\$aBauer, Dieter R.$4edt$940159
=710  \\$aInstitut für Geschichtliche Landeskunde und Historische Hilfswissenschaften der Universität Tübingen$4asn$940160
=942  \\$cBOO
=952  \\$00$10$2ddc$40$6TOP_DE_TUB_4_000000000000000$70$8TOP$912606$aORPH$bORPH$cKTS0$d2020-07-08$eKoopman$i41C16$l0$oTOP DE.TUB 4$p20122170$r2021-01-12 00:00:00$w2021-01-12$yBOO$OKoopman
=999  \\$d12624

