=LDR  01032    a2200229   4500
=001  12625
=008  221007s2009\\\\nl\fo|||\||||\00|\0\dut\d
=020  \\$a9789070425654
=041  \\$adut
=100  \\$4edt$aVries, Sietze de$d-1973$925123
=245  \\$aPronkjuwelen in Stad en Ommeland.$bHet historische orgelbezit van de provincie Groningen
=246  \1$aThe Historic Organs of the Province of Groningen
=260  \\$c2009$aLeeuwarden$bBoeijenga
=300  \\$a106 pages
=500  \\$aIt contains a folder with DCs/DvDs
=650  \0$aOrgan$1http://www.wikidata.org/entity/Q1444$92810
=650  \0$aOrganology$1http://www.wikidata.org/entity/Q899293$921400
=650  \0$aMusic history$1http://www.wikidata.org/entity/Q846047$921373
=651  \0$aGroningen (Netherlands)$1http://www.wikidata.org/entity/Q749$922634
=942  \\$cBOO
=952  \\$00$10$2ddc$40$6INS_3_000000000000000_1A_NL_GRO$70$8INS$912607$aORPH$bORPH$cKTS0$d2020-07-08$eKoopman$i41C20$l0$oINS3.1a NL.GRO$p20130202$r2021-01-12 00:00:00$w2021-01-12$yBOO$OKoopman
=999  \\$d12625

