=LDR  02250aam a2200373   4500
=001  12626
=005  20250925143300.0
=008  220315s2004\\\\||||||||\||||\01|\0\dut\d
=020  \\$a9789042914216
=020  \\$a9789042914230
=020  \\$a9789042914223
=041  \\$adut
=100  \\$aCockx-Indestege, Elly$4dte$915098
=245  \\$aE Codicibus Impressisque:$bOpstellen over het boek in de Lage Landen voor Elly Cockx-Indestege
=260  \\$aLeuven$bPeeters$c2004
=300  \\$a3 vols.
=490  \\$aMiscellanea Neerlandica$vXVIII-XX
=505  \\$gI: Bio-Bibliografie, Handschriften, Incunabelen, Kalligrafie -- II: Drukken van de Zestiende tot de Twintigste Eeuw -- III: Band, Papier, Verzamelaars en Verzamelingen
=648  \0$a16th Century (1501-1600)$1http://www.wikidata.org/entity/Q7017$920944
=648  \0$a17th Century (1601-1700)$1http://www.wikidata.org/entity/Q7016$920923
=648  \0$a18th Century (1701-1800)$1http://www.wikidata.org/entity/Q7015$920899
=648  \0$a19th Century (1801-1900)$1http://www.wikidata.org/entity/Q6955$920935
=648  \0$a20th Century (1901-2000)$1http://www.wikidata.org/entity/Q6927$920936
=650  \0$aBook$1http://www.wikidata.org/entity/Q571$92285
=650  \0$aManuscript$1http://www.wikidata.org/entity/Q87167$92275
=650  \0$aCollecting$1http://www.wikidata.org/entity/Q208165$92117
=700  \\$aCoppens, Chris$4edt$939245
=700  \\$aDeschamps, Jan$4edt$939246
=700  \\$aHermans, Jos. M. M.$1http://www.wikidata.org/entity/Q3240870$4edt$911539
=942  \\$cBOO
=952  \\$00$10$2ddc$3I: Bio-bibliografie-Handschriften-Incunabelen-Kalligrafie$40$6BIB_1_000000000000000_COCK$70$8BIB$912608$aORPH$bORPH$cKTS0$d2020-07-08$eKoopman$i41C21_01$oBIB1 COCK$p20122166$r2021-01-12 00:00:00$w2021-01-12$yBOO
=952  \\$00$10$2ddc$3II: Drukken van de Zestiende tot de Twintigste Eeuw$40$6BIB_1_000000000000000_COCK$70$8BIB$912609$aORPH$bORPH$cKTS0$d2020-07-08$eKoopman$i41C21_02$oBIB1 COCK$p20122165$r2021-01-12 00:00:00$w2021-01-12$yBOO
=952  \\$00$10$2ddc$3III: Band-Papier-Verzamelaars en Verzamelaingen$40$6BIB_1_000000000000000_COCK$70$8BIB$912610$aORPH$bORPH$cKTS0$d2020-07-08$eKoopman$i41C21_03$oBIB1 COCK$p20122164$r2021-01-12 00:00:00$w2021-01-12$yBOO
=999  \\$d12626

