=LDR  01341aam a2200277   4500
=001  12629
=005  20251003085459.0
=008  250107s2011\\\\|||oa|||\||||\00|\0ddut\d
=020  \\$a9789085865766
=245  \\$aBeelddenken.$bVijf eeuwen beeld in Antwerpen
=260  \\$c2011$aAntwerp$bMAS
=300  \\$a240 pages
=590  \\$aTentoonstelling 'Meesterwerken in het MAS. Vijf eeuwen beeld in Antwerpen' (17 mei 2011-20 december 2012)
=610  \0$aMAS (Antwerp, Belgium)$939372
=648  \0$a21st Century (2001-2100)$1http://www.wikidata.org/entity/Q6939$920812
=650  \0$aExhibition$1http://www.wikidata.org/entity/Q464980$925353
=650  \0$aCatalogue$1http://www.wikidata.org/entity/Q2352616$1http://www.wikidata.org/entity/Q6941730$921484
=650  \0$aFine art$1http://www.wikidata.org/entity/Q219625$921579
=651  \0$aAntwerp (Belgium)$1http://www.wikidata.org/entity/Q12892$920974
=700  \\$aBaere, Bart De$4cur$4aut$939369
=700  \\$aKockelbergh, Iris$4aut$4cur$939370
=700  \\$aVan Hout, Nico$4aut$4cur$939371
=700  \\$aHuvenne, Paul$1http://www.wikidata.org/entity/Q100256344$4cur$911770
=942  \\$cBOO
=952  \\$00$10$2ddc$40$6TOP_BE_ANT_0_000000000000000$70$8TOP$912611$aORPH$bORPH$cKTS0$d2020-07-08$eKoopman$i41C23$l0$oTOP BE.ANT 0$p20122162$r2021-01-12 00:00:00$w2021-01-12$yBOO$OKoopman
=999  \\$d12629

