=LDR  00322    a2200097   4500
=001  12631
=245  \\$aBach e la Musica Italiana
=260  \\$c1987
=942  \\$cBOO
=952  \\$00$10$2ddc$40$6BIO_BACH1_E$70$8BIO$912613$aORPH$bORPH$cKTS1_P$d2020-07-08$eKoopman$i41D14$oBIO BACH1 e$p20120157$r2021-01-12 00:00:00$w2021-01-12$yBOO
=999  \\$c12631$d12631

