=LDR  00713aam a2200157   4500
=001  12635
=008  230324s2009\\\\||||||||\||||\00|\0\dut\d
=041  \\$adut
=100  \\$4edt$916973$aSeijbel, Maarten
=245  \\$aBekende en onbekende orgels langs de IJssel (provincie Overijssel)
=260  \\$aElburg$bStichting Nationaal Historisch Orgelmuseum$c2009
=650  \0$aOrgan$1http://www.wikidata.org/entity/Q1444$92810
=651  \0$aOverijssel (Netherlands)$1http://www.wikidata.org/entity/Q773$924991
=942  \\$cBOO
=952  \\$00$10$2ddc$40$6INS_3_000000000000000_1A_NL_OVE$70$8INS$912617$aORPH$bORPH$cKTS0$d2020-07-08$eKoopman$i41E04_01$l0$oINS3.1a NL.OVE$p20122110$r2021-01-12 00:00:00$w2021-01-12$yBOO$OKoopman
=999  \\$d12635

