=LDR  00713aam a2200157   4500
=001  12636
=008  230324s2010\\\\||||||||\||||\00|\0\dut\d
=041  \\$adut
=100  \\$4edt$916973$aSeijbel, Maarten
=245  \\$aBekende en onbekende orgels langs de IJssel (provincie Gelderland)
=260  \\$aElburg$bStichting Nationaal Historisch Orgelmuseum$c2010
=650  \0$aOrgan$1http://www.wikidata.org/entity/Q1444$92810
=651  \0$aGelderland (Netherlands)$1http://www.wikidata.org/entity/Q775$923129
=942  \\$cBOO
=952  \\$00$10$2ddc$40$6INS_3_000000000000000_1A_NL_GEL$70$8INS$912618$aORPH$bORPH$cKTS0$d2020-07-08$eKoopman$i41E04_02$l0$oINS3.1a NL.GEL$p20122109$r2021-01-12 00:00:00$w2021-01-12$yBOO$OKoopman
=999  \\$d12636

