=LDR  01294cam a2200277 a 4500
=001  12638
=005  20250605144519.0
=008  090902s2009\\\\be\abh\\\bc\\\001\0\fre\d
=020  \\$a9782960090000
=041  \\$afre
=245  00$aFlorilège du livre en principauté de Liège du IXe au XVIIIe siècle
=260  \\$aLiège$bSociété des bibliophiles liégeois$c2009
=300  \\$a560 pages$bcol. ill., facsims., map$c30 cm.
=490  0\$aPublications in-quarto$v34
=504  \\$aIncludes bibliographical references and indexes.
=650  \0$aManuscript$1http://www.wikidata.org/entity/Q87167$92275
=650  \0$aBook$1http://www.wikidata.org/entity/Q571$92285
=650  \0$aPrinting$1http://www.wikidata.org/entity/Q11034$921936
=650  \0$aLibrary$1http://www.wikidata.org/entity/Q7075$94229
=651  \0$aLiège (Belgium)$1http://www.wikidata.org/entity/Q3992$9240
=700  \\$aBruyère, Paul$915054$4edt
=700  \\$aMarchandisse, Alain$915055$4edt
=710  \\$aSociété des bibliophiles liégeois (Liège, Belgium)$1http://www.wikidata.org/entity/Q30124140$91742
=942  \\$cBOO
=952  \\$00$10$2ddc$40$6BIB_4_000000000000000_BE_LIE$70$8BIB$912620$aORPH$bORPH$cKTS0$d2020-07-08$eKoopman$i41E14$l0$oBIB4 BE.LIE$p20122098$r2021-01-12 00:00:00$w2021-01-12$yBOO$OKoopman
=999  \\$d12638

