=LDR  01531nam a2200313 a 4500
=001  12640
=005  20250925143300.0
=008  970728s1997\\\\gw\a\\\\\b\\\\001\0\ger\\
=020  \\$a3447036249
=040  \\$aOI
=041  \\$ager
=245  00$aAugsburger Buchdruck und Verlagswesen:$bvon den Anfängen bis zur Gegenwart
=260  \\$aWiesbaden$bHarrassowitz$c1997
=300  \\$axiii-1413 pages$billustrations (some color)$c29 cm
=504  \\$aIncludes bibliographical references (p. [1343]-1347) and indexes.
=648  \0$1http://www.wikidata.org/entity/Q4692$aRenaissance (1400-1600)$920965
=648  \0$1http://www.wikidata.org/entity/Q7016$a17th Century (1601-1700)$920923
=648  \0$1http://www.wikidata.org/entity/Q7015$a18th Century (1701-1800)$920899
=648  \0$1http://www.wikidata.org/entity/Q6955$a19th Century (1801-1900)$920935
=648  \0$1http://www.wikidata.org/entity/Q6927$a20th Century (1901-2000)$920936
=650  \0$aPublishing$1http://www.wikidata.org/entity/Q3972943$93049
=650  \0$aPrinting$1http://www.wikidata.org/entity/Q11034$921936
=650  \0$aMusic history$1http://www.wikidata.org/entity/Q846047$921373
=651  \0$aAugsburg (Germany)$1http://www.wikidata.org/entity/Q2749$921699
=700  \\$aGier, Helmut$4edt$915056
=700  \\$aJanota, Johannes$4edt$915057
=942  \\$cBOO
=952  \\$00$10$2ddc$40$6BIB_4_000000000000000_DE_AUG$70$8BIB$912622$aORPH$bORPH$cKTS0$d2020-07-08$eKoopman$i41F02$l0$oBIB4 DE.AUG$p20120123$r2021-01-12 00:00:00$w2021-01-12$yBOO$OKoopman
=999  \\$d12640

