=LDR  01263aam a2200253   4500
=001  12641
=005  20251023125425.0
=008  250331s1997\\\\|||af|||\b|||\001\0\ita\d
=041  \\$aita
=100  \\$aLimentani Virdis, C.$4edt$939985
=245  \\$aLa pittura fiamminga nel Veneto e nell'Emilia
=260  \\$aVerona$bBanco popolare di Verona$c1997
=300  \\$a[xvi]-383 pages
=648  \0$aRenaissance (1400-1600)$1http://www.wikidata.org/entity/Q4692$920965
=648  \0$a18th Century (1701-1800)$1http://www.wikidata.org/entity/Q7015$920899
=648  \0$a17th Century (1601-1700)$1http://www.wikidata.org/entity/Q7016$920923
=650  \0$aFine art$1http://www.wikidata.org/entity/Q219625$921579
=650  \0$aInfluence$1http://www.wikidata.org/entity/Q1307337$1http://www.wikidata.org/entity/Q16578639$922289
=651  \0$aEmilia-Romagna (Italy)$1http://www.wikidata.org/entity/Q1263$922021
=651  \0$aVeneto (Italy)$1http://www.wikidata.org/entity/Q1243$922666
=651  \0$aFlanders (Belgium)$1http://www.wikidata.org/entity/Q234$989
=942  \\$cBOO
=952  \\$00$10$2ddc$40$6TOP_IT_VEN2_4_000000000000000$70$8TOP$912623$aORPH$bORPH$cKTS0$d2020-07-08$eKoopman$i41F04$l0$oTOP IT.VEN2 4$p20120121$r2021-01-12 00:00:00$w2021-01-12$yBOO$OKoopman
=999  \\$d12641

