=LDR  00948aam a2200181   4500
=001  12642
=008  240522s2003\\\\|||ao|||\||||\10|\0\ger\d
=041  \\$ager
=100  \\$aLustig, Monika$1http://www.wikidata.org/entity/Q95201691$4edt$917540
=245  \\$aDas mitteldeutsche Cembalo$bReferate im Rahmen des Cembalo-Marathons "Johann Sebastian Bach und das mitteldeutsche Cembalo" Michaelstein, 08. bis 10. Oktober 1999
=260  \\$c2003$aMichaelstein$bKloster Michaelstein
=300  \\$a130 pages$ba printed copy bound in a plastic ring binder
=490  \\$aMichaelsteiner Forschungsbeiträge$v22
=500  \\$aoriginally published in digital form on a CD? Printed for Ton Koopman to read from paper. 
=700  \\$aWeiner, Howard$4edt$927375
=942  \\$cBOO
=952  \\$00$10$2ddc$40$6INS_3_000000000000000_2D$70$8INS$912624$aORPH$bORPH$cKTS0$d2020-07-08$eKoopman$i41F06$l0$oINS3.2d$p20130255$r2021-01-12 00:00:00$w2021-01-12$yTYPE_UNK$OKoopman
=999  \\$d12642

