=LDR  01026cam a2200241 i 4500
=001  12643
=005  20250210133344.0
=008  110426s2011\\\\ne\a\\\\\b\\\\000\0\dut\\
=020  \\$a9789040077258
=040  \\$aOI$beng$erda
=100  \\$aLassing-van Gameren, Eva$d1954-$915058
=245  14$aHet Voorne-Putten boek /$cEva Lassing-van Gameren en Bob Benschop
=264  \1$aZwolle :$bUitgeverij Waanders ;$a[Voorne-Putten] :$bStreekarchief Voorne-Putten en Rozenburg,$c[2011]
=300  \\$a384 pages :$billustrations (chiefly color) ;$c17 cm
=336  \\$atext$2rdacontent
=337  \\$aunmediated$2rdamedia
=338  \\$avolume$2rdacarrier
=504  \\$aIncludes bibliographical references (page 383).
=651  \0$aVoorne-Putten (Netherlands)$1http://www.wikidata.org/entity/Q2051339$9241
=700  \\$aBenschop, Bob$915059
=942  \\$cBOO
=952  \\$00$10$2ddc$40$6BIO_VERK_D$70$8BIO$912625$aORPH$bORPH$cKTS1_P$d2020-07-08$eKoopman$i41F07$oBIO VERK d$p20120119$r2021-01-12 00:00:00$w2021-01-12$yBOO$OKoopman
=999  \\$c12643$d12643

