=LDR  01362    a2200265   4500
=001  12644
=005  20250925143300.0
=008  210923s1977\\\\|||a||||\||||\00|\0dger\d
=041  \\$ager
=245  \\$a300 Jahre Oper in Hamburg
=260  \\$aHamburg$bChristian$c1977
=300  \\$a192 pages
=648  \0$a17th Century (1601-1700)$1http://www.wikidata.org/entity/Q7016$920923
=648  \0$a18th Century (1701-1800)$1http://www.wikidata.org/entity/Q7015$920899
=648  \0$a19th Century (1801-1900)$1http://www.wikidata.org/entity/Q6955$920935
=648  \0$a20th Century (1901-2000)$1http://www.wikidata.org/entity/Q6927$920936
=650  \0$aOpera$1http://www.wikidata.org/entity/Q1344$92468
=650  \0$aTheater history$1http://www.wikidata.org/entity/Q1061140$94607
=650  \0$aIconography$1http://www.wikidata.org/entity/Q208145$921259
=651  \0$aHamburg (Germany)$1http://www.wikidata.org/entity/Q1055$921940
=710  \\$4edt$aHamburgische Staatsoper (Germany)$1http://www.wikidata.org/entity/Q705453$922280
=710  \\$4edt$aMuseum für Hamburgische Geschichte (Hamburg, Germany)$1http://www.wikidata.org/entity/Q665171$922281
=942  \\$cBOO
=952  \\$00$10$2ddc$40$6TOP_DE_HAM_5_000000000000000$70$8TOP$912626$aORPH$bORPH$cKTS0$d2020-07-08$eKoopman$i41F08$l1$oTOP DE.HAM 5$p20120118$r2021-11-08 00:00:00$s2021-09-23$w2021-01-12$yBOO
=999  \\$d12644

