=LDR  01166    a2200253   4500
=001  12645
=008  241120s2001\\\\|||oabc|\||||\00|\0bdut\d
=020  \\$a7706902X
=041  \\$adut
=100  \\$aPetridis, Constantijn$4edt$939218
=245  \\$aFrans M. Olbrechts 1899-1958$bOp zoek naar kunst in Afrika
=260  \\$c2001$aAntwerp$bEthnografische Museum Antwerpen
=300  \\$a327-[2] pages
=500  \\$aExhibition publication Enthnographic Museum Antwerp 2001
=600  \0$aOlbrechts, Frans M.$d1899-1958$1http://www.wikidata.org/entity/Q42899837$939219
=650  \0$aFine art$1http://www.wikidata.org/entity/Q219625$921579
=650  \0$aEthnography$1http://www.wikidata.org/entity/Q132151$939220
=650  \0$aEthnographic museum$1http://www.wikidata.org/entity/Q12104174$939221
=650  \0$aExhibition$1http://www.wikidata.org/entity/Q464980$925353
=651  \0$aAfrica$922253
=651  \0$aAntwerp (Belgium)$1http://www.wikidata.org/entity/Q12892$920974
=942  \\$cBOO
=952  \\$00$10$2ddc$40$6TOP_AF_0_000000000000000$70$8TOP$912627$aORPH$bORPH$cKTS0$d2020-07-08$eKoopman$l0$oTOP AF 0$p20120112$r2021-01-12 00:00:00$w2021-01-12$yBOO$OKoopman
=999  \\$d12645

