=LDR  02049aam a2200265   4500
=001  12646
=005  20251003085459.0
=008  250603s2012\\\\|||a||||\c|||\00|\0\fre\d
=041  \\$afre
=100  \\$aMeyer, André$d1898-1979$1http://www.wikidata.org/entity/Q372777$4col$940301
=245  \\$aDe la Collection Musicale André Meyer.$bManuscrits, imprimés et oeuvres d'art. Paris 16 & 17 octobre 2012
=260  \\$c2012$aParis$bSotheby's
=300  \\$a320 pages
=500  \\$aAndré Meyer was a French-American investment banker and an avid collector of art objects, music books and scores.
After his death in 1979, the collection passed to his heirs and was divided. One part webt to the Bibliothèque Nationale, Paris and some sections appeared at auction. The present selection was retained by another inheritor and was sold at Sotheby's Paris in 2012.  
=500  \\$a"When his collection was sold by Sotheby's on 16 and 17 October 2012, they noted that the collection contained beautifully bound 16th and 17th century scores by composers whose manuscripts rarely come up at auction anymore including Orlande de Lassus, Claudio Monteverdi, Jacques Arcadelt, Cristóbal de Morales, Luca Marenzio, Giovanni Pierluigi da Palestrina, Marco da Gagliano, Girolamo Frescobaldi, Jacopo Peri & Ottavio Rinuccini, and Antonio Cesti, among others."
=561  \\$awith a note to Ton Koopman
=650  \0$aLibrary$1http://www.wikidata.org/entity/Q7075$94229
=650  \0$aCollecting$1http://www.wikidata.org/entity/Q208165$92117
=650  \0$aCatalogue$1http://www.wikidata.org/entity/Q2352616$1http://www.wikidata.org/entity/Q6941730$921484
=650  \0$aAuction$1http://www.wikidata.org/entity/Q177923$93849
=650  \0$aPortrait$1http://www.wikidata.org/entity/Q134307$92622
=651  \0$aParis (France)$1http://www.wikidata.org/entity/Q90$9160
=942  \\$cBOO
=952  \\$00$10$2ddc$40$6BIB_4_000000000000000_FR_MEYE$70$8BIB$912628$aORPH$bORPH$cKTS0$d2020-07-08$eKoopman$i41F17$l0$oBIB4 FR MEYE$p20130256$r2021-01-12 00:00:00$yBOO$OKoopman
=999  \\$d12646

