=LDR  01305cam a22002654a 4500
=001  12647
=005  20250120120158.0
=008  071112s2007\\\\it\a\\\\\b\\\\101\0bita\\
=020  \\$a9788870964851
=040  \\$aOI
=041  \\$aita
=100  \\$4edt$aDaolmi, Davide$915061
=245  00$aCarlo Donato Cossoni nella Milano spagnola.$bAtti del convegno internazionale di studi, Conservatorio di Como, 11-13 giugno 2004
=260  \\$aLucca$bLIM$c2007
=300  \\$axv-478 pages$bill. ;$c24 cm.
=500  \\$aPrint of the online version, in two vols.
=504  \\$aIncludes bibliographical references (p.[423]-457) and index.
=600  \0$aCossoni, Carlo Donato$d1623-1700$1http://www.wikidata.org/entity/Q19288265$915060
=648  \0$a17th Century (1601-1700)$1http://www.wikidata.org/entity/Q7016$920923
=650  \0$aComposer$1http://www.wikidata.org/entity/Q36834$93625
=651  \0$aMilan (Italy)$1http://www.wikidata.org/entity/Q490$9271
=942  \\$cBOO
=952  \\$00$10$2ddc$40$6BIO_COSS_E$70$8BIO$912629$aORPH$bORPH$cKTS1_P$d2020-07-08$eKoopman$i41F25-1$oBIO COSS e$p20120101$r2021-01-12 00:00:00$w2021-01-12$yBOO$OKoopman
=952  \\$00$10$2ddc$40$6BIO_COSS_E$70$8BIO$920750$aORPH$bORPH$cKTS1_P$d2020-07-08$eKoopman$i41F25-2$oBIO COSS e$p20120102$r2021-10-15 00:00:00$w2021-01-12$yBOO
=999  \\$d12647

