=LDR  01173aam a2200265   4500
=001  12650
=005  20251103124736.0
=008  220131s2008\\\\nl\af|||\||||\00|\0\mul\d
=020  \\$a9789070425517
=041  \\$afre$ager$aeng$adut
=100  \\$aKooiman, Ewald$d1938-2009$4dte$914735
=245  \\$aPro Organo Pleno.$bEssays in Honour of Ewald Kooiman for his 70th Birthday
=260  \\$aVeenhuizen$bBoeijenga$c2008
=300  \\$a135 pages
=505  \\$gSo suldij connnen spelen op die orgelen / H. J. Busch
=650  \0$aOrgan$1http://www.wikidata.org/entity/Q1444$92810
=650  \0$aOrganology$1http://www.wikidata.org/entity/Q899293$921400
=650  \0$aMusical interpretation$1http://www.wikidata.org/entity/Q1668139$94533
=650  \0$aMusic history$1http://www.wikidata.org/entity/Q846047$921373
=700  \\$4edt$aWolff, Christoph$d1940-$1http://www.wikidata.org/entity/Q66488$910387
=700  \\$4edt$aFidom, Hans$915937
=700  \\$4edt$aLuth, Jan R.$d1951-$912503
=942  \\$cBOO
=952  \\$00$10$2ddc$40$6INS_3_000000000000000_1D$70$8INS$912632$aORPH$bORPH$cKTS0$d2020-07-08$eKoopman$i42A03$oINS3.1d$p20122150$r2021-01-12 00:00:00$w2021-01-12$yBOO
=999  \\$d12650

