=LDR  01263cam a2200277 a 4500
=001  12651
=005  20250120115957.0
=008  090422s2010\\\\enkag\\\\b\\\\001\0\eng\\
=015  \\$aGBA996810$2bnb
=016  7\$a015385370$2Uk
=020  \\$a9780754665793 (hardcover : alk. paper)
=020  \\$a0754665798 (hardcover : alk. paper)
=040  \\$aOI
=245  00$aNew perspectives on Marc-Antoine Charpentier /$cedited by Shirley Thompson.
=260  \\$aFarnham, Surrey, England ;$aBurlington, VT :$bAshgate,$cc2010.
=300  \\$axxviii, 385 p. :$bill., music ;$c24 cm.
=504  \\$aIncludes bibliographical references (p. [341]-362) and indexes.
=600  \0$aCharpentier, Marc-Antoine$d1643-1704$1http://www.wikidata.org/entity/Q55524$910169
=650  \0$aMusic history$1http://www.wikidata.org/entity/Q846047$921373
=653  1\$aCharpentier
=700  \\$aThompson, Shirley,$d-1966$915063
=942  \\$cBOO
=952  \\$00$10$2ddc$40$6BIO_CHAR1_E$70$8BIO$912633$aORPH$bORPH$cKTS1_P$d2020-07-08$eKoopman$i42A37$l0$oBIO CHAR1 e$p20122115$r2021-01-12 00:00:00$w2021-01-12$yBOO$OKoopman
=999  \\$c12651$d12651
=648  \0$a17th Century (1601-1700)$1http://www.wikidata.org/entity/Q7016$920923
=650  \0$aMusic history$1http://www.wikidata.org/entity/Q846047$921373

