=LDR  01863aam a2200205   4500
=001  12652
=008  210823s1967\\\\||||||||\||||\01|\0\mul\d
=041  \\$ager$aeng$afre
=100  \\$aWiora, Walter$d1906-1997$4dte$1http://www.wikidata.org/entity/Q101241$916876
=245  \\$aFestschrift Walter Wiora$bzum 30. Dezember 1966
=260  \\$c1967$aKassel$bBärenreiter
=300  \\$a677 pages
=505  \\$gEin vergessenes Problem der antiken Konsonanztheorie / C. Dahlhaus -- Historismus und Historisierung in der Musik / E. Doflein -- Gasparo Spontini und die Kirchenmusikreform / K. G. Fellerer -- Ein später Brief von Jakob Stainer / H. Heckmann -- Der Polyhistor Gerhard Johann Vossius (1577-1649) als Musikschriftsteller / H. Hüschen -- Zur Liedparodie im deutschen Roman des 18. Jahrhunderts / A. Langen -- Das 'Haus der Musikanten' in Reims / C. H. Mahling -- Zur Frage der Aufführung alter Musik / E. H. Meyer -- Goethes Kantate zur Jubelfeier der Reformation (1817) / J. Müller-Blattau -- Wiedergefundene Melodien aus der verschollenen Adam-Krieger-Ariensammlung 1657 / N. Schiorring -- Gedanken zur Restaurierung historischer Musikinstrumente / W. Schrammek -- Ein Musiktraktat aus dem zweiten vorchristlichen Jahrtausend / W. Stauder -- Eine Amsterdaner Melodien-Handschrift aus dem 18. Jahrhundert / M. Veldhuyzen
=650  \0$aMusic history$1http://www.wikidata.org/entity/Q846047$921373
=650  \0$aMusic theory$1http://www.wikidata.org/entity/Q193544$92662
=700  \\$aFinscher, Ludwig$d1930-2020$1http://www.wikidata.org/entity/Q88586$918734
=700  \\$4edt$aMahling, Christoph-Hellmut$d1932-2012$1http://www.wikidata.org/entity/Q1084426$920902
=942  \\$cBOO
=952  \\$00$10$2ddc$40$6REF_4_000000000000000_WIOR$70$8REF$912634$aORPH$bORPH$cKM12_1$d2020-07-08$eKoopman$i42B07$oREF4 WIOR$p20120087$r2021-01-12 00:00:00$w2021-01-12$yBOO
=999  \\$d12652

