=LDR  03268pam a2200457 a 4500
=001  12655
=005  20251001162312.0
=008  881125s1989\\\\miua\\\\\b\\\\001\0\eng\\
=020  \\$a0835718824 (alk. paper)
=040  \\$aOI
=041  \\$aeng
=100  \\$4edt$aCowart, Georgia$915065
=245  00$aFrench Musical Thought, 1600-1800
=260  \\$aAnn Arbor, MI$bUMI Research Press$c1989
=300  \\$avi-258 pages$billustrations$c24 cm
=490  1\$aStudies in Music$v105
=504  \\$aBibliography: p. [239]-248.
=505  \\$gIntroduction / Georgia Cowart -- "Baroque" as a Music-Critical Term / Claude V. Palisca -- The Meanings and Uses of Caractère in Eighteenth-Century France / Jane R. Stevens -- "Dealing in Shepherds": The Pastoral Ploy in Nascent French Opera / Louis E. Auld -- Transport, Ecstacy, and Enthusiasm / Gloria Flaherty -- The Conciliatory Partisan of Musical Liberty: Jean Le Rond d'Alembert, 1717-1783 / Robert M. Isherwood -- Rameau, Equal Temperament, and the Academy of Lyon: A Controversy Revisited / Albert Cohen -- The Iconography of a Salon Concert: A Reappraisal / Barbara Russano Hanning -- Persuading the Affections: Rhetorical Theory and Mersenne's Advice to Harmonic Orators / David Allen Duncan -- Ancients and Moderns, Tragedy and Opera: The Quarrel over Alceste / Buford Norman -- Music, Beauty, and the Paradox of Rationalism / Charles Dill -- Inventing the Arts: Changing Critical Language in the Ancien Régime / Georgia Cowart
=600  \0$aMersenne, Marin$d1588-1648$1http://www.wikidata.org/entity/Q188663$912728
=600  \0$ad'Alembert, Jean Le Rond$d1717-1783$1http://www.wikidata.org/entity/Q153232$94826
=600  \0$aRameau, Jean-Philippe$d1683-1764$1http://www.wikidata.org/entity/Q1145$94787
=648  \0$a17th Century (1601-1700)$1http://www.wikidata.org/entity/Q7016$920923
=648  \0$a18th Century (1701-1800)$1http://www.wikidata.org/entity/Q7015$920899
=650  \0$aMusical style$1http://www.wikidata.org/entity/Q11921029$92421
=650  \0$aBaroque$1http://www.wikidata.org/entity/Q37853$921255
=650  \0$aMusic philosophy and aesthetics$1http://www.wikidata.org/entity/Q2092865$921165
=650  \0$aMusic theory$1http://www.wikidata.org/entity/Q193544$92662
=650  \0$aMusic history$1http://www.wikidata.org/entity/Q846047$921373
=650  \0$aPastoral$1http://www.wikidata.org/entity/Q1472271$92271
=650  \0$aOpera$1http://www.wikidata.org/entity/Q1344$92468
=650  \0$aTemperament$1http://www.wikidata.org/entity/Q55073971$921656
=650  \0$aSalon$1http://www.wikidata.org/entity/Q576342$923251
=650  \0$aIconography$1http://www.wikidata.org/entity/Q208145$921259
=650  \0$aRhetoric$1http://www.wikidata.org/entity/Q81009$93894
=650  \0$aTransposition$1http://www.wikidata.org/entity/Q815323$93154
=650  \0$aQuarrel$1http://www.wikidata.org/entity/Q2357965$922897
=651  \0$aFrance$1http://www.wikidata.org/entity/Q142$9131
=700  \\$4dte$aBuelow, George J.$d1929-2009$1http://www.wikidata.org/entity/Q27835998$914723
=942  \\$cBOO
=952  \\$00$10$2ddc$40$6TOP_FR_5_000000000000000$70$8TOP$912637$aORPH$bORPH$cKTS0$d2020-07-08$eKoopman$i42D03$l1$oTOP FR 5$p20122064$r2022-05-12 00:00:00$s2022-05-10$w2021-01-12$yBOO
=999  \\$d12655

