=LDR  01329cam a2200265 a 4500
=001  12656
=005  20251028124559.0
=008  930520s1993\\\\it\hgfa\\b\\\\101\0\ita\|
=041  \\$aita
=245  13$aLa Cappella musicale nell'Italia della Controriforma.$bAtti del Convegno internazionale di studi nel IV centenario di fondazione della Cappella musicale di S. Biagio di Cento : Cento, 13-15 ottobre 1989
=260  \\$aFlorence$bOlschki$c1993
=300  \\$ax-412 pages
=490  \\$aQuaderni della Rivista italiana di musicologia$v27
=504  \\$aIncludes bibliographical references and index.
=648  \0$a17th Century (1601-1700)$1http://www.wikidata.org/entity/Q7016$920923
=650  \0$aChurch music$1http://www.wikidata.org/entity/Q8812109$92283
=650  \0$aMusic history$1http://www.wikidata.org/entity/Q846047$921373
=650  \0$aCounter-Reformation$1http://www.wikidata.org/entity/Q128168$92151
=650  \0$aCappella$1http://www.wikidata.org/entity/Q19902156$922910
=651  \0$aItaly$1http://www.wikidata.org/entity/Q38$922
=700  \\$aMischiati, Oscar$4edt$912792
=700  \\$aRusso, Paolo$d-1960$4edt$915066
=942  \\$cBOO
=952  \\$00$10$2ddc$40$6TOP_IT_5_000000000000000$70$8TOP$912638$aORPH$bORPH$cKTS0$d2020-07-08$eKoopman$i42D04$oTOP IT 5$p20122063$r2021-01-12 00:00:00$w2021-01-12$yBOO
=999  \\$d12656

