=LDR  00891aam a2200205   4500
=001  12657
=008  220628s1999\\\\||||||||\||||\00|\0dger\d
=020  \\$a3926196343
=041  \\$ager
=245  \\$aChristian Gottlob Neefe (1748-1798):$bEine eigenständige Künstlerpersönlichkeit. Tagungsbericht Chemnitz 1998
=260  \\$aChemnitz$bSchröder$c1999
=600  \0$aNeefe, Christian Gottlob$d1748-1798$1http://www.wikidata.org/entity/Q213556$912949
=648  \0$a18th Century (1701-1800)$1http://www.wikidata.org/entity/Q7015$920899
=650  \0$aComposer$1http://www.wikidata.org/entity/Q36834$93625
=650  \0$aEducation$926206
=700  \\$4edt$aLoos, Helmut$914813
=700  \\$4edt$aMannheim, H.$924474
=942  \\$cBOO
=952  \\$00$10$2ddc$40$6BIO_NEEF_E$70$8BIO$912639$aORPH$bORPH$cKTS1_P$d2020-07-08$eKoopman$i42D05$oBIO NEEF e$p20122062$r2021-01-12 00:00:00$w2021-01-12$yBOO
=999  \\$d12657

