=LDR  01634cam a2200337 a 4500
=001  12658
=005  20250121142129.0
=008  120217s2011\\\\gw\agh\\\b\\\\101\0dger\d
=010  \\$a  2012356302
=020  \\$a9783761821688 (hd.bd.)
=020  \\$a3761821689 (hd.bd.)
=040  \\$aOI
=041  \\$ager
=245  00$aDieterich Buxtehude:$bText, Kontext, Rezeption. Bericht über das Symposion an der Musikhochschule Lübeck 10.-12. Mai 2007
=260  \\$aKassel$aNew York$bBärenreiter$c2011
=300  \\$a312 pages$billustrations, music, facsimiles$c24 cm
=504  \\$aIncludes bibliographical references and index.
=600  \0$aBuxtehude, Dietrich$d1637-1707$1http://www.wikidata.org/entity/Q153637$910062
=648  \0$a17th Century (1601-1700)$1http://www.wikidata.org/entity/Q7016$920923
=648  \0$a18th Century (1701-1800)$1http://www.wikidata.org/entity/Q7015$920899
=650  \0$aComposer$1http://www.wikidata.org/entity/Q36834$93625
=650  \0$aOrganist$1http://www.wikidata.org/entity/Q765778$94471
=650  \0$aMusic history$1http://www.wikidata.org/entity/Q846047$921373
=650  \0$aReception$1http://www.wikidata.org/entity/Q1791660$925021
=651  \0$aLübeck (Germany)$1http://www.wikidata.org/entity/Q2843$9125
=700  \\$aSandberger, Wolfgang$d1961-$1http://www.wikidata.org/entity/Q83487968$4edt$914877
=700  \\$aScherliess, Volker$4edt$913859
=700  \\$aButz, Alexander$915069$4edt
=942  \\$cBOO
=952  \\$00$10$2ddc$40$6BIO_BUXT_E$70$8BIO$912640$aORPH$bORPH$cKTS1_P$d2020-07-08$eKoopman$i42D06$l0$oBIO BUXT e$p20122061$r2021-01-12 00:00:00$w2021-01-12$yBOO$OKoopman
=999  \\$d12658

