=LDR  01968aas a2200253   4500
=001  12659
=008  241212s1985\\\\||||||||\||||\00|\0\dut\d
=041  \\$adut
=245  \\$aSpektator.$bTijdschrift voor Neerlandistiek$njrg. 14, nr. 4
=260  \\$aGroningen$bWolters-Noordhoff$c1985
=505  \\$gDriemaal een bosje bloemen in een zijden band: Palmerijn - Stommen Ridder - Groot Lied-boeck  / C. F. P. Stutterheim --  't Vrolijck hof van weelden: De schilderijen in Moortje vs. 1659 en 1667-68 / C. A. Zaalberg -- Sociolecten en stijlen bij Bredero / Jo Daan -- Van een Huys-man en een Barbier, een on-volmaeckte klucht?  / W. A. Ornée -- Amplificatietechnieken in Bredero's Moortje / J. H. Meter -- ‘Lacht wel’. Bredero's Voor-reden vande Sotheyt / K. Porteman -- Bredero en Timanthes / Mieke B. Smits-Veldt -- Van fictie naar realiteit Beschouwingen bij bepaalde aspecten van de communicatie- en referentiële status van personages in enkele stukken van Bredero / G. van Eemeren
=600  \0$aBredero, Gerbrand Adriaenszoon$d1585-1618$1http://www.wikidata.org/entity/Q560740$94858
=648  \0$a17th Century (1601-1700)$1http://www.wikidata.org/entity/Q7016$920923
=650  \0$aWriter$1http://www.wikidata.org/entity/Q36180$93885
=650  \0$aPlay (theater)$1http://www.wikidata.org/entity/Q25379$921414
=650  \0$aLiterature$1http://www.wikidata.org/entity/Q8242$94439
=650  \0$aLinguistics$1http://www.wikidata.org/entity/Q8162$93902
=651  \0$aNetherlands$1http://www.wikidata.org/entity/Q55$1http://www.wikidata.org/entity/Q29999$9173
=700  \\$aGrootes, E. K.$1http://www.wikidata.org/entity/Q50600347$4edt$99825
=700  \\$aKeersmaekers, August Albert$d1920-2009$4edt$911959
=856  \\$3dbnl$uhttps://www.dbnl.org/tekst/_spe011198401_01/
=942  \\$cPER
=952  \\$00$10$2ddc$40$6BIO_BRED_F$70$8BIO$912641$aORPH$bORPH$cKTS1_P$d2020-07-08$eKoopman$i42D19$oBIO BRED f$p20120067$r2021-01-12 00:00:00$w2021-01-12$yBOO$OKoopman
=999  \\$d12659

