=LDR  03622cam a22003854i 4500
=001  12660
=005  20250620143602.0
=008  110324s2011\\\\gw\ag\\\\b\\\\100\0\ger\c
=020  \\$a9783795707446
=020  \\$a3795707447
=040  \\$aOI
=041  0\$ager$aeng
=100  \\$4edt$aKramer, Ursula$915071
=245  00$aMusikalische Handlungsräume im Wandel:$bChristoph Graupner in Darmstadt zwischen Oper und Sinfonie
=260  \\$aMainz$aNew York$bSchott$c2011
=300  \\$a375 pages$billustrations (some color), music$c25 cm
=490  \\$aBeiträge zur mittelrheinischen Musikgeschichte$v42
=505  0\$aDarmstadt zur Zeit Christoph Graupners / Peter Engels -- Hälfte des Lebens : Die Reisen Landgraf Ernst Ludwigs von Hessen-Darmstadt (1667-1739) zwischen 1706 und 1711 / Rainer Maaß -- Vom Scheitern der Kühnheit zum Sieg der Moderne : Landgraf Ernst Ludwig von Hessen-Darmstadt und die bildende Kunst / Rouven Pons -- "Ein Soutterain, daraus die Musik sehr schön klingen soll" : Die Musik am Hof von Hessen-Darmstadt in der ersten Hälfte des 18. Jahrhunderts - eine topographische Spurensuche / Ursula Kramer -- Graupner im Kräftefeld des höfischen Alltags / Oswald Bill -- Christoph Graupner als Opernkomponist : Untersuchungen zu den erhaltenen Hamburger Bühnenwerken / Hansjörg Drauschke -- "Daß die Poësie die beste und schlimmste Wißenschafft sey" : Neues zum frühen Schaffen von Georg Christian Lehms / Michael Maul -- Zu den theatralischen Aufführungen am Darmstädter Hofe 1709-1719 : Altbekannte und neu erschlossene Quellen / Rashid-S. Pegah -- "Wenn Ton und Bild verschmelzen" : Ways towards an historically informed performance practice of baroque opera / Sigrid T'Hooft -- "Ein Stück aus einer opera" : Inszenierung und Dramatisierung in Graupners Sakralwerken / Guido Erdmann -- Nachträgliches zu Christoph Graupners Sinfonien / Peter Cahn -- Graupner und die "wunderbaren Würkungen" der neuen Zeit : Versuch über den Mittelsatz der Sinfonie GWV 574 / Christoph Hust -- Johann Friedrich Fasch and the Sinfonia in Zerbst / Brian Clark -- Die Darmstädter Sinfonien von Johann Gottlieb Janitsch : Überlegungen zu einer heutigen Wiederaufführung / Tobias Bonz -- Von der Ouverture zur Sinfonia : Graupner und das Parodieverfahren / Christoph Großpietsch.
=600  \0$aGraupner, Christoph$d1683-1760$1http://www.wikidata.org/entity/Q115067$99628
=600  \0$aErnst Ludwig von Hessen-Darmstadt$cLandgraf$d1667-1739$1http://www.wikidata.org/entity/Q504498$923423
=600  \0$aLehms, Georg Christian$d1684-1717$1http://www.wikidata.org/entity/Q324462$98628
=600  \0$aFasch, Johann Friedrich$d1688-1758$1http://www.wikidata.org/entity/Q77236$913257
=650  \0$aComposer$1http://www.wikidata.org/entity/Q36834$93625
=650  \0$aOpera$1http://www.wikidata.org/entity/Q1344$92468
=650  \0$aMusic history$1http://www.wikidata.org/entity/Q846047$921373
=650  \0$aHistorically informed performance$1http://www.wikidata.org/entity/Q1344860$920980
=650  \0$aCourt$922191
=650  \0$aSymphony$1http://www.wikidata.org/entity/Q9734$92527
=651  \0$aDarmstadt (Germany)$1http://www.wikidata.org/entity/Q2973$921595
=651  \0$aHamburg (Germany)$1http://www.wikidata.org/entity/Q1055$921940
=651  \0$aZerbst (Germany)$1http://www.wikidata.org/entity/Q155981$923424
=700  \\$4ctb$aT'Hooft, Sigrid$d1963-$1http://www.wikidata.org/entity/Q27851334$920848
=942  \\$cBOO
=952  \\$00$10$2ddc$40$6BIO_GRAU_E$70$8BIO$912642$aORPH$bORPH$cKTS1_P$d2020-07-08$eKoopman$i42D22$oBIO GRAU e$p20120064$r2021-01-12 00:00:00$w2021-01-12$yBOO
=999  \\$d12660

