=LDR  01023aam a2200205   4500
=001  12661
=008  250218b\\\\\\\\|||a||||\||||\00|\0\ger\d
=041  \\$ager
=245  \\$a600 Jahre Kölner Universität : Schätze aus der Universitäts- und Stadtbibliothek Köln.$bAusstellung in den Räumen der Bibliothek
=260  \\$c1988$aCologne$bUniversitäts- und Stadtbibliothek Köln
=300  \\$a200 pages
=610  \0$aUniversitäts- und Stadtbibliothek Köln (Cologne, Germany)$1http://www.wikidata.org/entity/Q2496260$939617
=648  \0$aPast$1http://www.wikidata.org/entity/Q192630$922196
=650  \0$aLibrary$1http://www.wikidata.org/entity/Q7075$94229
=650  \0$aExhibition$1http://www.wikidata.org/entity/Q464980$925353
=700  \\$aQuarg, Gunter$4edt$939737
=700  \\$aSchmitz, Wolfgang$4edt$939738
=942  \\$cBOO
=952  \\$00$10$2ddc$40$6BIB_4_000000000000000_DE_COL$70$8BIB$912643$aORPH$bORPH$cKTS0$d2020-07-08$eKoopman$i42D30$l0$oBIB4 DE.COL$p20120055$r2021-01-12 00:00:00$w2021-01-12$yBOO$OKoopman
=999  \\$d12661

