=LDR  00821aam a2200193   4500
=001  12662
=008  250127s1988\\\\||||||||\||||\001\p\ger\d
=020  \\$a3761808666
=041  \\$ager
=100  \\$aKiefer, Reinhard$d1956-$1http://www.wikidata.org/entity/Q1667979$4edt$4aft$939573
=245  \\$aMein blaues Klavier.$bDeutsche Musikgedichte aus sieben Jahrhunderte
=260  \\$c1988$aKassel$bBärenreiter
=300  \\$a279 pages
=650  \0$aPoetry$1http://www.wikidata.org/entity/Q482$93026
=650  \0$aMusic$1http://www.wikidata.org/entity/Q638$92062
=651  \0$aGermany$1http://www.wikidata.org/entity/Q183$9155
=942  \\$cBOO
=952  \\$00$10$2ddc$40$6TOP_DE_0_000000000000000$70$8TOP$912644$aORPH$bORPH$cKTS0$d2020-07-08$eKoopman$i42E15$l0$oTOP DE 0$p20122034$r2021-01-12 00:00:00$w2021-01-12$yBOO$OKoopman
=999  \\$d12662

