=LDR  01659cam a2200349 a 4500
=001  12663
=005  20250120120354.0
=008  020614s2002\\\\gw\ag\\\\b\\\\010\0dger\d
=010  \\$a  2002438555
=020  \\$a3761815239 (hd.bd.)
=035  \\$a(CSt)(Sirsi)a4787880
=035  \\$a(CStRLIN)CSUGA4787880-B
=040  \\$aOHX$bger$cOHX$dOSU$dDLC
=042  \\$alccopycat
=245  00$aSchubert und das Biedermeier :$bBeiträge zur Musik des frühen 19. Jahrhunderts : Festschrift für Walther Dürr zum 70. Geburtstag /$cherausgegeben von Michael Kube, Werner Aderhold und Walburga Litschauer.
=260  \\$aKassel :$bBärenreiter,$c2002.
=300  \\$a304 p. :$bill. ;$c25 cm.
=504  \\$aIncludes bibliographical references.
=600  \0$aSchubert, Franz$d1797-1828$1http://www.wikidata.org/entity/Q7312$96183
=600  \0$aSchubert, Franz$d1797-1828$1http://www.wikidata.org/entity/Q7312$96183
=650  \0$aMusic$92062
=600  \0$aDürr, Walther$d1932-2018$1http://www.wikidata.org/entity/Q96942$920275
=700  \\$aDürr, Walther$d1932-2018$1http://www.wikidata.org/entity/Q96942$920275
=700  \\$aKube, Michael,$d-1968$915074
=700  \\$aAderhold, Werner$914746
=700  \\$aLitschauer, Walburga$914748
=942  \\$cBOO
=952  \\$00$10$2ddc$40$6BIO_SCHU1_E$70$8BIO$912645$aORPH$bORPH$cKTS1_P$d2020-07-08$eKoopman$i42E28$oBIO SCHU1 e$p20122021$r2021-01-12 00:00:00$w2021-01-12$yBOO$OKoopman
=999  \\$c12663$d12663
=648  \0$a19th Century (1801-1900)$1http://www.wikidata.org/entity/Q6955$920935
=651  \0$aAustria$1http://www.wikidata.org/entity/Q40$9202
=650  \0$aMusic history$1http://www.wikidata.org/entity/Q846047$921373

