=LDR  00957aam a2200193   4500
=001  12664
=008  250423s1904\\\\|||a||||\||||\00|\0|ger\d
=245  \\$aSchriften des Vereins für die Geschichte Leipzigs$b7. Band
=260  \\$c1904$aLepizig$bSelbstverlag des Vereins
=300  \\$a291 pages
=500  \\$aContains contribution by Bernhard Friedrich Richter: Das Innere der alten Thomasschule (mit 6 Grundrissen).
=561  \\$aEx libris Otto Kampfe (Plate)
=610  \0$aThomasschule (Leipzig, Germany)$1http://www.wikidata.org/entity/Q699668$91465
=650  \0$aHistory$1http://www.wikidata.org/entity/Q309$921403
=650  \0$aMusic education$1http://www.wikidata.org/entity/Q27908$921766
=651  \0$aLeipzig (Germany)$1http://www.wikidata.org/entity/Q2079$945
=942  \\$cBOO
=952  \\$00$10$2ddc$40$6TOP_DE_LEI$70$8TOP$912646$aORPH$bORPH$cKTS0$d2020-07-08$eKoopman$i42F05$l0$oTOP DE.LEI$p20122009$r2021-01-12 00:00:00$w2021-01-12$yBOO$OKoopman
=999  \\$d12664

