=LDR  01181aam a2200241   4500
=001  12666
=005  20251001162312.0
=008  221003s2007\\\\|||a||||\||||\00|\0\ger\d
=041  \\$ager
=100  \\$4edt$aWilkens, Sander$925094
=245  \\$aLeibniz, die Künste und die Musik:$bihre Geschichte, Theorie und Wissenschaft
=260  \\$aMunich$aSalzburg$bKatzbichler$c2007
=300  \\$a230 pages$billustrations (color)
=490  \\$aMusikwissenschaftliche Schriften$v41
=600  \0$aLeibniz, Gottfried Wilhelm$d1646-1716$1http://www.wikidata.org/entity/Q9047$97732
=648  \0$a17th Century (1601-1700)$1http://www.wikidata.org/entity/Q7016$920923
=648  \0$a18th Century (1701-1800)$1http://www.wikidata.org/entity/Q7015$920899
=650  \0$aPhilosophy$1http://www.wikidata.org/entity/Q5891$92357
=650  \0$aFine art$1http://www.wikidata.org/entity/Q219625$921579
=650  \0$aMusic philosophy and aesthetics$1http://www.wikidata.org/entity/Q2092865$921165
=942  \\$cBOO
=952  \\$00$10$2ddc$40$6PHI_LEIB_B_WILK$70$8PHI$912648$aORPH$bORPH$cKM12_3_2$d2020-07-08$eKoopman$i42F09$l1$oPHI LEIB b WILK$p20122005$r2022-10-25 00:00:00$s2022-10-03$w2021-01-12$yBOO
=999  \\$d12666

