=LDR  01126cam a22002414a 4500
=001  12667
=005  20250926134857.0
=008  090130s2008\\\\gw\ao\\\\b\\\\001\0bger\\
=041  \\$ager
=100  \\$aGeyer, Helen$d1953-$1http://www.wikidata.org/entity/Q113767204$4edt$911099
=245  00$aJohann Sebastian Bach in Weimar (1708-1717)
=260  \\$aGöttingen$bHainholz$c2008
=300  \\$a256 pages
=490  0\$aHainholz Musikwissenschaft$vBd. 11
=504  \\$aIncludes bibliographical references and indexes.
=600  \0$aBach, Johann Sebastian$d1685-1750$1http://www.wikidata.org/entity/Q1339$94766
=648  \0$a18th Century (1701-1800)$1http://www.wikidata.org/entity/Q7015$920899
=650  \0$aMusic history$1http://www.wikidata.org/entity/Q846047$921373
=650  \0$aBiography$1http://www.wikidata.org/entity/Q36279$91927
=651  \0$aWeimar (Germany)$1http://www.wikidata.org/entity/Q3955$921645
=942  \\$cBOO
=952  \\$00$10$2ddc$40$6TOP_DE_WEI1_5_000000000000000$70$8TOP$912649$aORPH$bORPH$cKTS0$d2020-07-08$eKoopman$i42F11$l0$oTOP DE.WEI1 5$p20122003$r2021-01-12 00:00:00$w2021-01-12$yBOO$OKoopman
=999  \\$d12667

