=LDR  06556cam a22005894i 4500
=001  12668
=005  20250821124556.0
=008  111010s2011\\\\gw\ag\\\\b\\\\010\0\ger\c
=020  \\$a9783862960224
=040  \\$aOI
=041  0\$ager$aeng$afre
=100  \\$4dte$aFederhofer, Hellmut$d1911-2014$915075
=245  00$aFestschrift Hellmut Federhofer zum 100. Geburtstag
=260  \\$aTutzing$bSchneider$c2011
=300  \\$avii-565 pages$billustrations, music$c25 cm
=490  1\$aMainzer Studien zur Musikwissenschaft$v45
=505  \\$gSchuberts Beziehungen zu Klaviermachern seiner Zeit / E. Badura-Skoda -- Die Verlagspolitik des Wiener Kunst- und Industrie-Comptoirs / A. Beer -- Heinrich Schenker and Robert Brünauer: Relations with a Muscial Industrialist / I. Bent -- Über den Fux-Schüler Franz Rincolini / O. Biba -- Heinrich Schenker and Moriz Violin in the 1920s / W. Drabkin -- Volkstümliche Einschläge in der Instrumentalmusik von Johann Joseph Fux? Anfangsphasen eines riskanten Diskurses / G. Erdman -- Das Oratorium Germanicum de Passione von Johann Joseph Fux. Schritte der Annäherung an Autoren- und Gattungsfragen / R. Flotzinger -- Reaktionen auf historiographische Probleme der Musikforschung / G. Gruber -- Einige Bemerkungen zu Bartolomeo Bortolazzis Gitarrenschule (1805) / T. Hindrichs -- Musik im Zeitspiegel des Spanischen Erbfolgekriegs / T. Hochradner -- Notendruck und Subskription im ausgehenden 18. Jahrhundert. Einige Überlegungen / K. Hortschansky -- Die Problematik des Librettos im Spiegel der Korrespondenz mit Professor Federhofer / E. Kanduth -- Mehr als eine Schule der Geläufigkeit: Frédéric Chopins Impromtus in As (op.29) und cis (op.66) / W. Kirsch -- Parnass-Transfers. Facetten und Aspekte der Rezeption von Johann Joseph Fux' Gradus ad Parnassum im Frankreich des 18. und 19. Jahrhunderts / F. Kolb -- Canons & mehr. Christoph Graupner und die Rezeption der Werke von Johann Joseph Fux in Darmstadt / U. Kramer -- Von der Kurzfassung zum dreiaktigen Quodlibet Wiener Provenienz - Mozarts Schauspieldirektor am Ständischen Theater in Grätz / J. H. Lederer -- Nachklänge einer Reise. Zu Louis Spohrs Duetto für Pianoforte und Violine op.96 / C. H. Mahling -- Händels lateinische Motette Silete venti HWV.242 - ein Auftragswerk für Paris? / H. J. Marx -- Bemerkungen zu Palestrinas Marien-Litaneie / M. Marx-Weber -- Der pädagogische Umgang mit Musik. Ein Plädoyer für das Fach Musikwissenschaft in der Lehrerbildung / U. Mazurowicz -- Robert Schumanns Petrarca. Mit unveröffentlichten Texten / G. Nauhaus -- Das musikalische Zitat in Robert Schumanns Instrumentalmusik / P. Niedermüller -- Beethoven und die Wiener Hoftheater in den Jahren vor dem Fidelio / K. Pietschmann -- Die Excerpta ex Gradu ad Parnassum 1745 von P. Maurus Brunnmayr OSB. Eine Dokumentation / F. W. Riedel -- Halm and Schenker: Culture, Politics, Aesthetics / L. Rothfarb -- A Contribution to the Study of Lieder / J. Rothgeb -- Matthison und Schubert. Zu Adelaide / W. Ruf -- Der junge Anton Reicha als visionärer Theoretiker der Romantik / H. Schneider -- Heinrich Philipp Bossler: ein Musikverleger am Ende des 18. Jahrhunderts / H. Schneider -- Johann Baptist Stumpöcker und Franz Xaver Peter Posch - eine Freundschaft? / I. Schubert -- Köchelverzeichnis 2. über ein Menuett des kleinen Mozart / W. Seidel -- Ein älterer Musikalienbestand in der Wallfahrtskirche Frauenberg bei Admont in der Steiermark / W. Suppan -- Der schlesische Anteil an der Wiener Klassik / H. Unverricht -- Les oeuvres de Mozart dans le fonds de l'éditeur parisien Jean-Jérome Imbault / H. Vanhulst -- Forschers Glück und Forschers Leid. Zur Rekonstruktion von Hans Pfitzners persönlicher Bibliothek / R. Wiesend
=600  \0$aPalestrina, Giovanni Pierluigi da$dc. 1525-1594$1http://www.wikidata.org/entity/Q179277$910834
=600  \0$aFux, Johann Joseph$d1660-1741$1http://www.wikidata.org/entity/Q311378$910900
=600  \0$aGraupner, Christoph$d1683-1760$1http://www.wikidata.org/entity/Q115067$99628
=600  \0$aHandel, George Frideric$d1685-1759$1http://www.wikidata.org/entity/Q7302$94765
=600  \0$aBossler, Heinrich Philipp$d1744-1812$1http://www.wikidata.org/entity/Q20792924$913913
=600  \0$aMozart, Wolfgang Amadeus$d1756-1791$1http://www.wikidata.org/entity/Q254$95341
=600  \0$aBeethoven, Ludwig van$d1770-1827$1http://www.wikidata.org/entity/Q255$95335
=600  \0$aReicha, Anton$d1770-1836$1http://www.wikidata.org/entity/Q311387$916024
=600  \0$aSchubert, Franz$d1797-1828$1http://www.wikidata.org/entity/Q7312$96183
=600  \0$aChopin, Frédéric$d1810-1849$1http://www.wikidata.org/entity/Q1268$916495
=600  \0$aSchumann, Robert$d1810-1856$1http://www.wikidata.org/entity/Q7351$913977
=600  \0$aSpohr, Louis$d1784-1859$1http://www.wikidata.org/entity/Q57226$96129
=600  \0$aPfitzner, Hans$d1869-1949$1http://www.wikidata.org/entity/Q57358$921224
=600  \0$aSchenker, Heinrich$d1868-1935$1http://www.wikidata.org/entity/Q531995$916074
=648  \0$a18th Century (1701-1800)$1http://www.wikidata.org/entity/Q7015$920899
=648  \0$a19th Century (1801-1900)$1http://www.wikidata.org/entity/Q6955$920935
=650  \0$aMusic history$1http://www.wikidata.org/entity/Q846047$921373
=650  \0$aPiano$1http://www.wikidata.org/entity/Q5994$92127
=650  \0$aPublishing$1http://www.wikidata.org/entity/Q3972943$93049
=650  \0$aFolklore$1http://www.wikidata.org/entity/Q36192$94595
=650  \0$aInstrumental music$1http://www.wikidata.org/entity/Q639197$92106
=650  \0$aOratorio$1http://www.wikidata.org/entity/Q85477$91825
=650  \0$aLibretto$1http://www.wikidata.org/entity/Q131084$94031
=650  \0$aKeyboard music$1http://www.wikidata.org/entity/Q105715630$921412
=650  \0$aMotet$1http://www.wikidata.org/entity/Q188285$92028
=650  \0$aOpera$1http://www.wikidata.org/entity/Q1344 $92468
=650  \0$aWar of the Spanish Succession (1701-1714)$1http://www.wikidata.org/entity/Q150701$926692
=650  \0$aSong$1http://www.wikidata.org/entity/Q7366$94164
=650  \0$aLibrary$1http://www.wikidata.org/entity/Q7075$94229
=651  \0$aVienna (Austria)$1http://www.wikidata.org/entity/Q1741$920937
=651  \0$aParis (France)$1http://www.wikidata.org/entity/Q90$9160
=700  \\$aBeer, Axel$4edt$99468
=942  \\$cBOO
=952  \\$00$10$2ddc$40$6REF_4_000000000000000_FEDE$70$8REF$912650$aORPH$bORPH$cKM12_1$d2020-07-08$eKoopman$i42F16$l0$oREF4 FEDE$p20121998$r2021-01-12 00:00:00$w2021-01-12$yBOO
=999  \\$d12668

