=LDR  01243cam a22002414a 4500
=001  12672
=005  20250120120241.0
=008  010418s1995\\\\gw\ab\\\\bk\\\000\0\ger\\
=020  \\$a3000000720
=041  \\$ager
=245  00$aBarocke Orgelkunst in Westfalen.$bEine Ausstellung innerhalb des Festivals "Barock in Westfalen" zum. 300. Geburtstag von Johann Conrad Schlaun. Soest, 28.5.1995-15.7.1995, Münster, 8.11.1995-1.12.1995
=260  \\$aMünster $bBarock in Westfalen$c1995
=300  \\$a180 pages$bill. (some col.), 9 maps $c21 cm
=504  \\$aIncludes bibliographical references (p. 155-162) and discography (p. 163-165).
=648  \0$a17th Century (1601-1700)$1http://www.wikidata.org/entity/Q7016$920923
=650  \0$aOrgan$1http://www.wikidata.org/entity/Q1444$92810
=650  \0$aMusic history$1http://www.wikidata.org/entity/Q846047$921373
=650  \0$aOrganist$1http://www.wikidata.org/entity/Q765778$94471
=651  \0$aGermany$1http://www.wikidata.org/entity/Q183$9155
=700  \\$aReuter, Hannalore$4edt$915077
=942  \\$cBOO
=952  \\$00$10$2ddc$40$6INS_3_000000000000000_1A_DE_WES2$70$8INS$912654$aORPH$bORPH$cKTS0$d2020-07-08$eKoopman$i42G19$oINS3.1a DE.WES2$p20120029$r2021-01-12 00:00:00$w2021-01-12$yBOO
=999  \\$d12672

