=LDR  01562cam a2200301 a 4500
=001  12673
=008  980930s1997\\\\gw\a\\\\\b\\\\100\0\eng\d
=041  \\$aeng
=042  \\$alccopycat
=043  \\$ae-hu---
=100  \\$4aut$aVarious$94793
=245  00$aInternational Symposium "Organ of Classical Antiquity: the Aquincum Organ A.D. 228"
=246  31$aInternationales Symposium "Orgel der klassischen Antike: die Aquincum-Orgel A.D. 228". Bericht über das Colloquium des Musikwissenschaftlichen Instituts der Ungarischen Akademie der Wissenschaften, 1.-4. September 1994 in Budapest
=260  \\$aKleinblittersdorf$bMusikwissenschaftliche Verlags-Gesellschaft$c1997
=300  \\$a132 pages$bill. $c24 cm
=336  \\$aprinted
=490  \\$aVeröffentlichungen der Walcker-Stiftung $vHeft 16
=504  \\$aIncludes bibliographical references.
=546  \\$aEnglish or German.
=650  \0$aWater organ$1http://www.wikidata.org/entity/Q918236$93553
=650  \0$aKeyboard instrument$1http://www.wikidata.org/entity/Q52954$92849
=650  \0$aOrgan$1http://www.wikidata.org/entity/Q1444$92810
=650  \0$aOrganology$1http://www.wikidata.org/entity/Q899293$921400
=651  \0$aBudapest (Hungary)$1http://www.wikidata.org/entity/Q1781$924367
=700  \\$aEggebrecht, Hans Heinrich$d1919-1999$4edt$1http://www.wikidata.org/entity/Q87434$917560
=942  \\$cBOO
=952  \\$00$10$2ddc$40$6INS_3_000000000000000_1E_HU_BUD$70$8INS$912655$aORPH$bORPH$cKTS0$d2020-07-08$eKoopman$i42G29$oINS3.1e HU.BUD$p20120020$r2021-01-12 00:00:00$w2021-01-12$yBOO
=999  \\$d12673

