=LDR  01216    a2200241   4500
=001  12675
=005  20250925143300.0
=008  250120s1952\\\\|||ogh||\||||\00|\0|ger\d
=100  \\$aNef, Walter$4asn$939523
=245  \\$aDas Basler Kammerorchester (Kammerchor und Kammerorchester) unter Leitung von Paul Sacher 1926-1951
=260  \\$c1952$aZürich$bAtlantis
=300  \\$a382 pages$enewspaper clippings about Paul Sacher from the 60ies and 70ies
=490  \\$aAlte und neue Musik
=590  \\$aFünfundzwanzig Jahre Basler Kammerorchester
=600  \0$aSacher, Paul$d1906-1999$1http://www.wikidata.org/entity/Q124102$925065
=648  \0$a20th Century (1901-2000)$1http://www.wikidata.org/entity/Q6927$920936
=650  \0$aOrchestra$1http://www.wikidata.org/entity/Q42998$93159
=650  \0$aConcert$1http://www.wikidata.org/entity/Q182832$921044
=650  \0$aMusic history$1http://www.wikidata.org/entity/Q846047$921373
=651  \0$aBasel (Switzerland)$1http://www.wikidata.org/entity/Q78$921311
=942  \\$cBOO
=952  \\$00$10$2ddc$40$6TOP_CH_BAS_7_000000000000000$70$8TOP$912657$aORPH$bORPH$cKTS0$d2020-07-08$eKoopman$i43A01$l0$oTOP CH.BAS 7$p20127280$r2021-01-12 00:00:00$w2021-01-12$yBOO$OKoopman
=999  \\$d12675

