=LDR  00671    a2200169   4500
=001  12676
=008  210817t1974\\\\||||||||\||||\01|\0\mul\d
=020  \\$a3761804121
=041  \\$aeng$ager$afre$aita
=100  \\$aMendel, Arthur$d1905-1979$4dte$1http://www.wikidata.org/entity/Q710626$910386
=245  \\$aStudies in Renaissance and Baroque in Honor of Arthur Mendel
=260  \\$c1974$aKassel$bBärenreiter
=300  \\$a392 pages
=700  \\$4edt$aMarshall, Robert Lewis$912619
=942  \\$cBOO
=952  \\$00$10$2ddc$40$6REF_4_000000000000000_MEND$70$8REF$912658$aORPH$bORPH$cKM12_1$d2020-07-08$eKoopman$i43A13$oREF4 MEND$p20127268$r2021-01-12 00:00:00$w2021-01-12$yBOO
=999  \\$d12676

