=LDR  02547aam a2200277   4500
=001  12678
=005  20250926134857.0
=008  211122s2010\\\\\\\|||||\||||\00|\0\ger\d
=020  \\$a9783491725751
=041  \\$ager
=100  \\$aWalter, Meinrad$d-1959$4edt$915397
=245  \\$aDie ganze Welt bewundert Bach:$bvon Kennern für Liebhaber
=260  \\$aOstfildern$bPatmos$c2010
=500  \\$aContains Ton Koopman's essay "Auch Bach hatte manchmal Pech", as well as contributions by Georg Christoph Biller, Johann Matthias Gesner, the Berlinische Nachrichten von Staats- und Gelehrten Sachen, Edith Stein, Peter Noll, Masaaki Suzuki, Peter Gülke, Gidon Kremer, John Neumeier, Vitaly Margulis, Wolf Biermann, Johann Mattheson, Robert Schumann, Christian Friedrich Daniel Schubart, Stefan Zweig, Maarten 't Hart, Albrecht Goes, Dorothee Sölle, Hermann Hesse, Rose Ausländer, Johannes Bobrowski, Johannes R. Becher, Robert Gernhardt, Reiner Kunze, Carl Zuckmayer, Lars Gustafsson, Georg Philipp Telemann, Friedrich Rochlitz, Carl Friedrich Zelter, Johannes Brahms, Clara Schumann, Felix Mendelssohn-Bartholdy, Claude Debussy, Félix Alexandre Guilmant, Anton Weber, Hans Werner Henze, Olivier Messiaen, Aribert Reimann, Mauricio Kagel, Wolfgang Rihm, Adolf Bernhard Marx, Johann Wolfgang von Goethe, Eduard Devrient, Friedrich Nietzsche, Hans Georg Nägeli, Yoshitake Kobayashi, Dietrich Fischer-Dieskau, Wilhelm Dilthey, Hans Heinrich Eggebrecht, Günter Jena, Nikolaus Harnoncourt, Johann nikolaus Forkel, Albert Schweitzer, Nathan Söderblom, Jacques Handschin, Theodor W. Adorno, Ernst Bloch, Simone Weil, Helmuth Rilling, Wolfgang Hidesheimer, and Emile Michel Cioran
=600  \0$aBach, Johann Sebastian$d1685-1750$1http://www.wikidata.org/entity/Q1339$94766
=648  \0$a18th Century (1701-1800)$1http://www.wikidata.org/entity/Q7015$920899
=650  \0$aComposer$1http://www.wikidata.org/entity/Q36834$93625
=650  \0$aMusic criticism$1http://www.wikidata.org/entity/Q11748889$921598
=650  \0$aLegacy$1http://www.wikidata.org/entity/Q623282$922131
=650  \0$aPoetry$1http://www.wikidata.org/entity/Q482$93026
=650  \0$aCorrespondence$1http://www.wikidata.org/entity/Q1784733$921392
=651  \0$aGermany$1http://www.wikidata.org/entity/Q183$9155
=700  \\$4ctb$aKoopman, Ton$d1944-$1http://www.wikidata.org/entity/Q445121$910491
=942  \\$cBOO
=952  \\$00$10$2ddc$40$6BIO_BACH1_D$70$8BIO$912660$aORPH$bORPH$cKTS1_P$d2020-07-08$eKoopman$i43A25$oBIO BACH1 d$p20127256$r2021-01-12 00:00:00$w2021-01-12$yBOO
=999  \\$d12678

