=LDR  04014cam a2200385 a 4500
=001  12679
=005  20250120120158.0
=008  120808m20129999gw\afg\\\b\\\\101\0dger\d
=020  \\$a9783862960323$q(v. 1)
=020  \\$a3862960323$q(v. 1)
=020  \\$a9783862960491$q(v. 2)
=020  \\$a3862960498$q(v. 2)
=020  \\$a9783990125328$q(v. 3)
=020  \\$a399012532X$q(v. 3)
=040  \\$aOI
=041  0\$ager$aeng
=245  00$aSenfl-Studien
=260  \\$aTutzing$aVienna$bSchneider$bHollitzer$c2012
=300  \\$a3 volumes$billustrations (some color), music$c24 cm
=490  1\$aWiener Forum für ältere Musikgeschichte$v4, 7, 9
=504  \\$aIncludes bibliographical references (in footnotes) and index.
=505  2\$gVol. 1. Lebenswelten. Genannt Schweitzer : eine nationale Karrierestrategie Ludwig Senfls? / Klaus Pietschmann -- Glittering woodcuts and moveable music : decoding the elaborate printing techniques, purpose, and patronage of the Liber selectarum cantionum / Elisabeth Giselbrecht, L. Elizabeth Upper -- The metrical Harmoniæ of Wolfgang Gräfinger and Ludwig Senfl in the conjunction of humanism, neoplatonism, and nicodemism / Grantley McDonald -- Eine Humanistenode Wolfgang Gräfingers, notiert von Joachim Vadian / Clemens Müller -- Einflüsse. Einer unter anderen : Senfls früheste Lieder / Nicole Schwindt -- Ludwig Senfl und seine Freunde : Æmulatio und Individuatio im Frühen Deutschen Lied / Andrea Lindmayr-Brandl -- Chanson combinative und Volksliedsatz : zu einem Liedtypus bei Isaac und Senfl / Andreas Pfisterer -- Ludwig Senfl and the mass proper : aspects of chronology / David J. Burn -- Ludwig Senfl und die Tradition der Cantus-Firmus-Motette / Thomas Schmidt-Beste -- Glaubensfragen. Die Suche nach musikalischer und religiöser Identität in Ludwig Senfls Psalmmotetten / Wolfgang Fuhrmann-- Zur katholischen Psalmmotette der 150er Jahre : Othmar Luscinius und die Fugger / Birgit Lodes -- Ludwig Senfl, Herzog Albrecht und der Kelch des Heils / Stefan Gasch -- Mag ich Unglück nit widerstand: Liebe, Tod und Glaubensfragen also Komponenten einer Lied-Karriere im 16. Jahrhundert / Sonja Tröster -- Klangwelten. Senfl in the studio / Fabrice Fitch$gVol. 3. Meet Mrs Senfl / Nicole Schwindt -- The songbooks of Peter Schöffer the Younger and Arnt von Aich : a typographical assessment / Grantley McDonald and Sanna Raninen -- Intavolierung als intertextueller Dialog : Lautenintavolierungen aus der Krakauer Lautentabulatur UKR-LVu 1400-I / Kateryna Schöning -- Hymnen und Metrik um 1500 im deutschsprachigen Raum / Andrea Horz -- Die Orgelbücher des Bernhard Rem / Johannes Schwarz -- Rem, Alamire, and Wagenrieder / David Fallows -- Beyond 'Hopeless Fortune': Ludwig Senfl's consolation for Maria Jacobäa of Baden / Scott L. Edwards -- Ein Lied für eine Augsburgerin: "Kein Adler in der Welt so schön" / Sonja Tröster -- Senfl's Quid vitam sine te and the consolations of music / Wolfgang Fuhrmann -- Hör-Horizonte in Augsburg : Senfls Missa super Nisi Dominus als christologische Psalmexegese zur Zeit des frühkonfessionellen Pluralismus / Birgit Lodes.
=546  \\$aIncludes German and English contributions.
=590  \\$aherausgegeben von Stefan Gasch, Birgit Lodes und Sonja Tröster.
=600  \0$aSenfl, Ludwig$dc. 1486-1542/43$1http://www.wikidata.org/entity/Q58008$915079
=610  \0$1http://www.wikidata.org/entity/Q155834$aFugger family$922331
=648  \0$1http://www.wikidata.org/entity/Q7017$a16th Century (1501-1600)$920944
=650  \0$aComposer$1https://www.wikidata.org/wiki/Q36834$1http://www.wikidata.org/entity/Q36834$93625
=651  \0$1http://www.wikidata.org/entity/Q183$aGermany$9155
=700  \\$aGasch, Stefan$4edt$915080
=700  \\$aLodes, Birgit$4edt$915081
=700  \\$aTröster, Sonja$915082$4edt
=942  \\$cBOO
=952  \\$00$10$2ddc$40$6BIO_SENF_E$70$8BIO$912661$aORPH$bORPH$cKTS1_P$d2020-07-08$eKoopman$i43A28$oBIO SENF e$p20127253$r2021-01-12 00:00:00$w2021-01-12$yBOO$OKoopman
=999  \\$d12679

