=LDR  00867aam a2200181   4500
=001  12681
=008  250225s2013\\\\||||||||\||||\00|\0\ita\d
=041  \\$aita
=100  \\$aVecchia, M. dalla$4aut$939772
=245  \\$aLa Musica in San Filippo (1975-2013):$battività musicale e memorie
=260  \\$aVicenza$bCongregazione dell'Oratorio di San Filippo Neri di Vicenza$c2013
=610  \0$aSan Filippo Neri (Vicenza, Italy)$1http://www.wikidata.org/entity/Q21187707$939773
=650  \0$aOratorio$1http://www.wikidata.org/entity/Q85477$91825
=650  \0$aChurch$1http://www.wikidata.org/entity/Q16970$93776
=651  \0$aVicenza (Italy)$1http://www.wikidata.org/entity/Q6537$922020
=942  \\$cBOO
=952  \\$00$10$2ddc$40$6TOP_IT_VIC$70$8TOP$912663$aORPH$bORPH$cKTS0$d2020-07-08$eKoopman$i43B05$l0$oTOP IT.VIC$p20127247$r2021-01-12 00:00:00$w2021-01-12$yBOO$OKoopman
=999  \\$d12681

