=LDR  04984cam a2200565 a 4500
=001  12682
=005  20250926134857.0
=008  990413s1998\\\\gw\a\\\\\b\\\\010\0\muls\
=020  \\$a3795209323
=040  \\$aOI
=041  0\$ager$aeng
=100  \\$4dte$aSchlager, Karlheinz$d-1938$917558
=245  00$aArtes liberales.$bKarlheinz Schlager zum 60. Geburtstag
=246  14$aFestschrift Karlheinz Schlager
=246  18$aFestschrift für Karlheinz Schlager
=260  \\$aTutzing$bSchneider$c1998
=300  \\$a472 pages$billustrations$c24 cm
=490  \\$aEichstätter Abhandlungen zur Musikwissenschaft$v13
=504  \\$aIncludes bibliographical references.
=504  \\$a"Bibliographie Karlheinz Schlager": p. 463-472.
=505  \\$gAnton Webern und Johann Sebastian Bach: Zur Bearbeitung des Ricercar aus dem Musikalischen Opfer / R. Bauer -- Die Töne Friedrichs von Sonnenburg: Bemerkungen zur Form und zur formgeschichtlichen Stellung / H. Brunner -- Künstler sprechen über das, was sie am meisten interessiert. Kunsthistoriker auch. Über das Nichtverstehen von Kunst aus der Sicht des Künstlers / M. Bunge -- Plundering the Past: Medievalism, Robert Schumann and the Philistines / N. van Deusen -- Kontrapunkte einer historischen Anthropologie der Musik / M. Dobberstein -- Chant and analysis / L. Dobszay -- Gesualdo als Musiktheater: Zu Opern von Franz Hummel und Alfred Schnittke / W. Dotzauer -- A past present and now gone: The history of a dismissal chant / W. F. Eifrig -- Orgelchronik von Wettenhausen / H. Fischer -- Die Guida armonica von Giuseppe Ottavio Pitoni: Eine historisch-kritische Kompositionslehre in Beispielen / S. Gmeinwieser -- Sprache und Spiel: Vokales und Instrumentales in der Musik / T. Göllner -- Die Gesänge des Offiziums in Festivitate Sanctorum Septem Fratrum in der Ottobeurer Handschrift München Beyerische Staatsbibliothek Clm.9921, um 1150 / D. Hiley -- Musik in Architektur / N. Knopp -- Zur Aktualität Polyästhetischer Erziehung / G. Köppel -- Das weihnachtliche Stabat mater in dem Oratorium Christus von Franz Liszt / G. Massenkeil -- Liturgische Symphonie oder symphoniesche Liturgik: Annäherung an Alfred Schnittkes Zweite Symphonie St Florian / T. Röder -- Die Rebellion der Unterhaltung im Techno / H. Rösing -- Liturgisch-eucharistische Bindung mehrstimmiger Kirchenmusik: Gedanken zu Schwerpunkten der letzten tausend Jahre / H. Unverricht -- Vom Kreuzzugsaufruf zum Minnelied: Überlieferungsformen und Datierungsfragen weltlicher Minnelyrik / R. K. Weigand -- Der ausgefallene Liederabend: Eine nicht ganz neue Geschichte aus dem Leben Hans Pfitzners, aufgrund neugefundener Papiere ganz neu erzählt / R. Wimmer -- 
=546  \\$aPrincipally in German; 3 contributions in English.
=600  \0$aGesualdo, Carlo$cPrincipe di Venosa$dc. 1560-1613$922008
=600  \0$aPitoni, Giuseppe Ottavio$d1657-1743$1http://www.wikidata.org/entity/Q1528547$97262
=600  \0$aBach, Johann Sebastian$d1685-1750$1http://www.wikidata.org/entity/Q1339$94766
=600  \0$aSchumann, Robert$d1810-1856$1http://www.wikidata.org/entity/Q7351$913977
=600  \0$aLiszt, Franz$d1811-1886$1http://www.wikidata.org/entity/Q41309$917400
=600  \0$aWebern, Anton$d1883-1945$1http://www.wikidata.org/entity/Q190933$915988
=600  10$aHummel, Franz$d1939-2022$1http://www.wikidata.org/entity/Q1447347$926647
=600  \0$aSchnittke, Alfred$d1934-1998$1http://www.wikidata.org/entity/Q158078$916926
=648  \0$aMiddle Ages (500-1400)$1http://www.wikidata.org/entity/Q12554$920964
=648  \0$a18th Century (1701-1800)$1http://www.wikidata.org/entity/Q7015$920899
=648  \0$a19th Century (1801-1900)$1http://www.wikidata.org/entity/Q6955$920935
=648  \0$a20th Century (1901-2000)$1http://www.wikidata.org/entity/Q6927$920936
=650  \0$aMusic history$1http://www.wikidata.org/entity/Q846047$921373
=650  \0$aArrangement$1http://www.wikidata.org/entity/Q379755$94282
=650  \0$aComposer$1http://www.wikidata.org/entity/Q36834$93625
=650  \0$aLegacy$1http://www.wikidata.org/entity/Q623282$922131
=650  \0$aOpera$1http://www.wikidata.org/entity/Q1344 $92468
=650  \0$aEarly music$1http://www.wikidata.org/entity/Q436016$93160
=650  \0$aMusic theory$1http://www.wikidata.org/entity/Q193544$92662
=650  \0$aArchitecture$1http://www.wikidata.org/entity/Q12271$93185
=650  \0$aOratorio$1http://www.wikidata.org/entity/Q85477$91825
=650  \0$aElectronic music$1http://www.wikidata.org/entity/Q9778$922014
=650  \0$aPopular music$1http://www.wikidata.org/entity/Q373342$922015
=650  \0$aChurch music$1http://www.wikidata.org/entity/Q8812109$92283
=700  \\$aDobberstein, Marcel$d1964-$1http://www.wikidata.org/entity/Q17352755$4edt$915083
=942  \\$cBOO
=952  \\$00$10$2ddc$40$6REF_4_000000000000000_SCHL$70$8REF$912664$aORPH$bORPH$cKM12_1$d2020-07-08$eKoopman$i43B13$oREF4 SCHL$p20127239$r2021-01-12 00:00:00$w2021-01-12$yBOO
=999  \\$d12682

