=LDR  02690cam a22002894a 4500
=001  12683
=005  20250715140108.0
=008  040804s2005\\\\enka\\\\\b\\\\101\0\eng\\
=020  \\$a0754604039 (alk. paper)
=040  \\$aOI
=041  \\$aeng
=245  10$aFrom Renaissance to Baroque:$bChange in Instruments and Instrumental Music in the Seventeenth Century
=260  \\$aAldershot, Hampshire$aBurlington, VT$bAshgate$c2005
=300  \\$axx-321 pages$bill. ;$c25 cm.
=504  \\$aIncludes bibliographical references (p. [275]-304) and index.
=505  0\$aBaptiste's hautbois : the metamorphosis from shawm to hautboy in France, 1620-1670 / Bruce Haynes -- A commentary on the Letter by Michel de La Barre concerning the history of musettes and hautboys /  Marc Ecochard -- The woodwind instruments of Richard Haka (1645/6-1705)  / Jan Bouterse -- Basstals or curtoons : the search for a transitional fagott / Graham Lyndon-Jones -- The iconographic background to the seventeenth-century recorder / Anthony Rowland-Jones -- The Renaissance flute in the seventeenth century / Nancy Hadden -- The flute at Dresden : ramifications for eighteenth-century woodwind performance in Germany / Mary Oleskiewicz -- How did seventeenth-century English violins really sound? / Peter Trevelyan -- The development of French lute style 1600-1650 / Matthew Spring -- The early air de cour, the theorbo, and the continuo principle in France / Jonathan Le Cocq -- From stops organical to stops of variety : the English organ from 1630 to 1730 / Dominic Gwynn -- Upgrading from consorts to orchestra at the Württemberg court / Samantha Owens -- From violin band to orchestra /  Peter Holman -- Organological Gruyhre / Jeremy Montagu.
=590  \\$aProceedings of the National Early Music Association Conference held, in association with the Department of Music, University of York and the York Early Music Festival, at the University College of Ripon and York St. John, York, 2-4 July 1999
=648  \0$a17th Century (1601-1700)$1http://www.wikidata.org/entity/Q7016$920923
=650  \0$aOrganology$1http://www.wikidata.org/entity/Q899293$921400
=650  \0$aInstrumental music$1http://www.wikidata.org/entity/Q639197$92106
=650  \0$aMusic history$1http://www.wikidata.org/entity/Q846047$921373
=700  \\$aWainwright, Jonathan P.$d-1961$4edt$915084
=700  \\$aHolman, Peter$d1946-$4edt$911649
=856  \\$uhttp://www.loc.gov/catdir/toc/ecip0421/2004018342.html$3Table of contents
=942  \\$cBOO
=952  \\$00$10$2ddc$40$6GHM_4_000000000000000$70$8GHM$912665$aORPH$bORPH$cKM12_1$d2020-07-08$eKoopman$i43B14$l1$oGHM4$p20127238$r2022-09-12 00:00:00$s2022-09-01$w2021-01-12$yBOO
=999  \\$d12683

