=LDR  01969aam a2200349   4500
=001  12684
=005  20251003085459.0
=008  250116s2012\\\\|||a||||\c|||\00|\0|dut\d
=020  \\$a9789080694750
=041  \\$adut
=245  \\$aEx Cathedra.$bLeuvense collegedictaten van de 16de tot de 18de eeuw.
=260  \\$c2012$aLeuven$bUnversiteitsbibliotheek KU Leuven
=300  \\$avi-341 pages
=500  \\$aAbout student courses from Leuven University 16-18th century
=500  \\$aPublication accompanying the exhibition ‘Ex Cathedra: learning as it was’ at the KU Leuven University Library, from 2 April to 31 August 2012.
=590  \\$aPublicatie bij de tentoonstelling "Ex Cathedra: het leren zoals het was" in de Universiteitsbibliotheek van de KU Leuven, van 2 april tot 31 augustus 2012.
=610  \0$aKatholieke Universiteit Leuven (Belgium)$1http://www.wikidata.org/entity/Q833670$91277
=648  \0$a16th Century (1501-1600)$1http://www.wikidata.org/entity/Q7017$920944
=648  \0$a17th Century (1601-1700)$1http://www.wikidata.org/entity/Q7016$920923
=648  \0$a18th Century (1701-1800)$1http://www.wikidata.org/entity/Q7015$920899
=650  \0$aEducation$1http://www.wikidata.org/entity/Q8434$926206
=650  \0$aCatalogue$1http://www.wikidata.org/entity/Q2352616$1http://www.wikidata.org/entity/Q6941730$921484
=650  \0$aExhibition$1http://www.wikidata.org/entity/Q464980$925353
=650  \0$aBook$1http://www.wikidata.org/entity/Q571$92285
=651  \0$aLeuven (Belgium)$1http://www.wikidata.org/entity/Q118958$926817
=700  \\$aVanpaemel, Geert$4aut$4edt$939412
=700  \\$aSmeyers, Katharina$4aut$4edt$939413
=700  \\$aSmets, An$4edt$939414
=700  \\$aMeijden, Diewer van der$4cur$4aut$4edt$939415
=942  \\$cBOO
=952  \\$00$10$2ddc$40$6TOP_BE_LEU_4_000000000000000$70$8TOP$912666$aORPH$bORPH$cKTS0$d2020-07-08$eKoopman$i43B16$l0$oTOP BE.LEU 4$p20127236$r2021-01-12 00:00:00$w2021-01-12$yBOO$OKoopman
=999  \\$d12684

