=LDR  00662    a2200157   4500
=001  12685
=008  210819t1967\\\\\\\|||||\||||\01|\0\ger\d
=100  \\$aSchmidt-Görg, Joseph$d1897-1981$4dte$1http://www.wikidata.org/entity/Q1707974$913896
=245  \\$aColloquium Amicorum.$bJoseph Schmidt-Görg zum 70. Geburtstag
=260  \\$c1967$aBonn$bBeethovenhaus Bonn
=300  \\$a461 pages
=700  \\$4edt$aKross, Siegfried$922067
=700  \\$4edt$aSchmidt, Heinrich$913901
=942  \\$cBOO
=952  \\$00$10$2ddc$40$6REF_4_000000000000000_SCHM$70$8REF$912667$aORPH$bORPH$cKM12_1$d2020-07-08$eKoopman$i43B17$oREF4 SCHM$p20127235$r2021-01-12 00:00:00$w2021-01-12$yBOO
=999  \\$d12685

