=LDR  04425aam a2200469   4500
=001  12686
=008  211203s1996\\\\\\\|||||\||||\00|\0\eng\d
=020  \\$a9780521028592
=041  \\$aeng
=100  \\$aWyn Jones, David$4edt$923221
=245  \\$aMusic in Eighteenth-Century Austria
=260  \\$aCambridge$bCambridge University Press$c1996
=505  \\$aPreface -- Introduction: new challenges, new perspectives / David Wyn Jones -- The trumpet overture and sinfonia in Vienna (1715–1822): rise, decline and reformulation / A. Peter Brown -- The early Classical violin concerto in Austria / Chappell White -- Haydn's Missa sunt bona mixta malis and the a cappella tradition / David Wyn Jones -- Johann Baptist Vanhal and the pastoral mass tradition / Bruce MacIntyre -- The Austrian pastorella and the stylus rusticanus: comic and pastoral elements in Austrian music, 1750–1800 / Geoffrey Chew -- The applausus musicus, or Singgedicht: a neglected genre of eighteenth-century musical theatre / Robert N. Freeman -- The operas of Antonio Salieri as a reflection of Viennese opera 1770–1800 / John A. Rice -- Lorenzo da Ponte's Viennese librettos / Konrad Küster -- Viennese amateur or London professional? A reconsideration of Haydn's tragic cantata Arianna a Naxos / Julian Rushton -- The Viennese fortepiano in the eighteenth century / Eva Badura-Skoda -- The Beethoven-Wölfl piano duel / Tia DeNora
=520  \\$a    Description
    Contents
    Resources
    Courses
    About the Authors

    The music of Haydn, Mozart and Beethoven forms a cornerstone of the modern repertoire, but very little is known about the context in which these composers worked. This volume of twelve essays by leading international scholars considers some of the musical traditions and practices of this little-understood period of music history. Beginning with the early decades of the eighteenth century, the volume documents selected aspects of musical life and style from the late Baroque period through to the early years of the nineteenth century. The four main areas covered in this exploration of music history are orchestral music, sacred music, opera and keyboard music. Georg Reutter (Haydn's teacher), Antonio Salieri (Mozart's colleague) and Wölffl (a rival of Beethoven) are just three of the period's prominent musicians who are discussed at length.
=600  \0$aHaydn, Joseph$d1732-1809$1http://www.wikidata.org/entity/Q7349$94783
=600  \0$aVanhal, Johann Baptist$d1739-1813$1http://www.wikidata.org/entity/Q450670$96546
=600  \0$aDa Ponte, Lorenzo$d1749-1838$1http://www.wikidata.org/entity/Q268166$96523
=600  \0$aSalieri, Antonio$d1750-1825$1http://www.wikidata.org/entity/Q51088$96337
=600  \0$aBeethoven, Ludwig van$d1770-1827$1http://www.wikidata.org/entity/Q255$95335
=648  \0$a18th Century (1701-1800)$1http://www.wikidata.org/entity/Q7015$920899
=650  \0$aMusic history$1http://www.wikidata.org/entity/Q846047$921373
=650  \0$aSymphony$1http://www.wikidata.org/entity/Q9734$92527
=650  \0$aOverture$1http://www.wikidata.org/entity/Q202287$921591
=650  \0$aMass$1http://www.wikidata.org/entity/Q217295$92735
=650  \0$aChurch music$1http://www.wikidata.org/entity/Q8812109$92283
=650  \0$aConcerto$1http://www.wikidata.org/entity/Q9748$921817
=650  \0$aCantata$1http://www.wikidata.org/entity/Q174873$921603
=650  \0$aA cappella$1http://www.wikidata.org/entity/Q185298$922187
=650  \0$aOpera$1http://www.wikidata.org/entity/Q1344$92468
=650  \0$aMusic theater$1http://www.wikidata.org/entity/Q96394452$92065
=650  \0$aTrumpet$1http://www.wikidata.org/entity/Q8338$92388
=650  \0$aViolin$1http://www.wikidata.org/entity/Q8355$92783
=650  \0$aPiano$1http://www.wikidata.org/entity/Q5994$92127
=650  \0$aLibretto$1http://www.wikidata.org/entity/Q131084$94031
=650  \0$aPastoral$1http://www.wikidata.org/entity/Q1472271$92271
=650  \0$aAmateur$1http://www.wikidata.org/entity/Q455595$923222
=650  \0$aDuel$1http://www.wikidata.org/entity/Q191503$923225
=651  \0$aAustria$1http://www.wikidata.org/entity/Q40$9202
=651  \0$aVienna (Austria)$1http://www.wikidata.org/entity/Q1741$920937
=942  \\$cBOO
=952  \\$00$10$2ddc$40$6TOP_AT_5_000000000000000$70$8TOP$912668$aORPH$bORPH$cKTS0$d2020-07-08$eKoopman$i43B20$oTOP AT 5$p20127232$r2021-01-12 00:00:00$w2021-01-12$yBOO
=999  \\$d12686

