=LDR  02309cam a2200469 a 4500
=001  12691
=005  20250120120230.0
=008  120910s2013\\\\ohuabj\\\bc\\\001\0\eng\d
=010  \\$a  2012949037
=016  7\$a016206212$2Uk
=020  \\$a9783791352718
=020  \\$a3791352717
=035  \\$a(OCoLC)ocn827733525
=040  \\$aCMA$cCMA$dOCLCO$dYDXCP$dBTCTA$dUKMGB$dOCLCA$dBWX$dOHX$dIUL$dOCLCA$dCGP$dDLC
=042  \\$alccopycat
=043  \\$ae-it---$an-us-oh
=072  \7$aND$2lcco
=072  \7$aZ$2lcco
=072  \7$aBV$2lcco
=100  \\$aFliegel, Stephen N.$d-1950$915088
=245  14$aThe Caporali missal :$ba masterpiece of Renaissance illumination /$cStephen N. Fliegel ; with contributions by Dilys Blum ... [et al.].
=260  \\$aCleveland, Ohio :$bCleveland Museum of Art ;$aMunich ;$aNew York:$bDelMonico Books/Prestel,$c2013.
=300  \\$a131 p. :$bcol. ill., map, geneal. table ;$c30 cm.
=504  \\$aIncludes bibliographical references (p. 127-128) and index.
=650  \0$aManuscript$1http://www.wikidata.org/entity/Q87167$92275
=650  \0$aManuscript$1http://www.wikidata.org/entity/Q87167$92275
=630  00$91096$aCaporali missal$vIllustrations$vExhibitions.
=600  \0$aCaporali, Bartolomeo$dc. 1420-c. 1505$1http://www.wikidata.org/entity/Q931819$915092
=600  \0$aCaporali, Giacomo,$d-1478$915090
=650  \0$aMissal$1http://www.wikidata.org/entity/Q833590$94357
=650  \0$aManuscript$1http://www.wikidata.org/entity/Q87167$92275
=650  20$aCatholicism$1http://www.wikidata.org/entity/Q1841$921631
=610  \0$aCleveland Museum of Art (OH, USA)$1http://www.wikidata.org/entity/Q657415$91753
=700  \\$aBlum, Dilys,$d-1947$915091
=700  \\$aCaporali, Bartolomeo$dc. 1420-c. 1505$1http://www.wikidata.org/entity/Q931819$915092
=700  \\$aCaporali, Giacomo,$d-1478.$915093
=710  \\$aCleveland Museum of Art (OH, USA)$1http://www.wikidata.org/entity/Q657415$91753
=856  \\$uhttp://www.loc.gov/catdir/enhancements/fy1406/2012949037-d.html$3Publisher description
=942  \\$cBOO
=952  \\$00$10$2ddc$40$6VIS_FLIE$70$8VIS$912673$aORPH$bORPH$cKTS1_H$d2020-07-08$eKoopman$i43C20$l0$oVIS FLIE$p20127188$r2021-01-12 00:00:00$w2021-01-12$yBOO$OKoopman
=999  \\$c12691$d12691
=651  \0$aItaly$1http://www.wikidata.org/entity/Q38$922

