=LDR  01167nam a2200253 a 4500
=001  12692
=005  20250120120311.0
=008  010205s1977\\\\xx\\\\\\r\\\\\000\0\dut\d
=040  \\$aOI
=041  \\$adut
=100  1\$aStrengholt, Leendert,$d1930-1989$4win
=245  10$aVier eeuwen Jacob Cats:$btentoonstelling, Brouwershaven, Tonnenmagazijn 2 juli tot en met 31 juli 1977
=260  \\$aS.l.$bs.n.$c1977
=300  \\$a40 p.: ill.
=518  \\$oTentoonstelling$d02/06/1977-...$pBrouwershaven. Tonnenmagazijn.
=541  \\$3BIB.ELS.012745$cSchenking$aVan Elslander, Antonin$d[17/06/1999]
=600  \0$aCats, Jacob$d1577-1660$1http://www.wikidata.org/entity/Q46151$95081
=648  \0$a16th Century (1501-1600)$1http://www.wikidata.org/entity/Q7017$920944
=648  \0$a17th Century (1601-1700)$1http://www.wikidata.org/entity/Q7016$920923
=650  \0$aWriter$1http://www.wikidata.org/entity/Q36180$93885
=651  \0$aNetherlands$1http://www.wikidata.org/entity/Q55$9173
=942  \\$cBOO
=952  \\$00$10$2ddc$40$6BIO_CATS_C$70$8BIO$912674$aORPH$bORPH$cKTS1_P$d2020-07-08$eKoopman$i43C31$oBIO CATS c$p20127176$r2021-01-12 00:00:00$w2021-01-12$yBOO$OKoopman
=999  \\$d12692

