=LDR  01683cam a2200325 i 4500
=001  12694
=005  20251003085459.0
=008  151031s2013\\\\it\a\\\\\bc\\l000\0\ita\\
=020  \\$a9788898567027
=040  \\$aOI$beng$erda
=041  \\$aita
=100  \\$aCalvi, Antonella$4aut$921078
=245  13$aLe incisioni del barocco
=264  \1$aPavia$bBiblioteca civica Bonetta$c2013
=300  \\$a1 volume (unpaged) :$billustrations (some color) ;$c30 cm
=500  \\$aPublished to accompany an exhibition held November 16-December 22, 2013, at the Castello visconteo, Pavia, Italy.
=504  \\$aIncludes bibliographical references.
=590  \\$aOrganizzazione, Associazione amici della Biblioteca "Carlo Bonetta" ; presentazione, Robert Borri ; catalogo delle opere librarie, Antonella Calvi, schede librarie, Paolo Fornelli, schede iconografiche ; catalogo delle legature, Federico Macchi ; catalogo delle opere calcografiche, Romano Aguzzi, Paolo Fornelli, Giuseppe Simoni.
=648  \0$a17th Century (1601-1700)$1http://www.wikidata.org/entity/Q7016$920923
=700  \\$aFornelli, Paolo$4aut$921079
=700  \\$aMacchi, Federico$4aut$921080
=700  \\$aAguzzi, Romano$4aut$921081
=700  \\$aSimoni, Giuseppe$4aut$921082
=710  2\$aAssociazione Amici della Biblioteca "Carlo Bonetta."
=710  2\$aBiblioteca civica Bonetta.
=942  \\$cBOO
=952  \\$00$10$2ddc$40$6VIS_CALV$70$8VIS$912676$aORPH$bORPH$cKTS1_H$d2020-07-08$eKoopman$i43C46$l0$oVIS CALV$p20127161$r2021-01-12 00:00:00$w2021-01-12$yBOO
=999  \\$c12694$d12694
=650  \0$aCatalogue$1http://www.wikidata.org/entity/Q2352616$921484
=650  \0$aFine art$1http://www.wikidata.org/entity/Q219625$921579

