=LDR  01109nam a2200277 a 4500
=001  12696
=003  OSt
=005  20250121142129.0
=008  930923s1992\\\\fr\g\\\\\\\\\\001\0\fre\\
=020  \\$a2213026068 :$c150F
=040  \\$aOI
=041  \\$afre
=245  00$aGuide de la musique sacrée et chorale profane :$bl'Âge Baroque, 1650-1750
=260  \\$a[Paris]$bFayard$c1992
=300  \\$a828 pages$c20 cm
=490  \\$aCollection Les Indispensables de la musique
=561  \\$aEx libris Laura Dobbenga
=648  \0$a17th Century (1601-1700)$1http://www.wikidata.org/entity/Q7016$920923
=648  \0$a18th Century (1701-1800)$1http://www.wikidata.org/entity/Q7015$920899
=650  \0$aChurch music$1http://www.wikidata.org/entity/Q8812109$92283
=650  \0$aChoral music$1http://www.wikidata.org/entity/Q1076513$94368
=700  \\$aLemaître, Edmond$4edt$915095
=700  \\$aBouissou, Sylvie$4edt$915096
=942  \\$cBOO
=952  \\$00$10$2ddc$40$6GEN_2_000000000000000$70$8GEN$912678$aORPH$bORPH$cKM12_1$d2020-07-08$eKoopman$i43E07$l0$oGEN2$p20127152$r2021-01-12 00:00:00$w2021-01-12$yBOO
=999  \\$d12696

