=LDR  01491cam a22003014a 4500
=001  12697
=005  20250120120230.0
=008  080905s2007\\\\ne\a\\\\\b\\\\001\0\dut\\
=020  \\$a9789076452975
=040  \\$aOI
=041  0\$adut$aeng
=100  \\$4dte$aStorm van Leeuwen, Jan$915097
=245  00$aDoor banden verbonden:$bbundel ter herinnering aan het afscheid van dr. Jan Storm van Leeuwen van de Koninklijke Bibliotheek in Den Haag
=260  \\$aAmsterdam$bDe Buitenkant$c2007
=300  \\$a293 pages$billustrations (some color)$c18 cm
=504  \\$aIncludes bibliographical references and indexes.
=546  \\$aDutch, with one contribution in English.
=590  \\$auitgegeven namens het Belgisch-Nederlands Bandengenootschap door Elly Cockx-Indestege, André Geurts, Jos. M.M. Hermans.
=610  \0$1http://www.wikidata.org/entity/Q1526131$aKoninklijke Bibliotheek (The Hague, Netherlands)$91254
=650  \0$aBookbinding$1http://www.wikidata.org/entity/Q240471$94369
=651  \0$aNetherlands$1http://www.wikidata.org/entity/Q55$9173
=700  \\$aCockx-Indestege, Elly$4edt$915098
=700  \\$aGeurts, A. J.$915099$4edt
=700  \\$aHermans, Jos. M. M.$4edt$911539
=710  \\$aBelgisch-Nederlands Boekbandengenootschap (The Hague, Netherlands)$4edt$91754
=942  \\$cBOO
=952  \\$00$10$2ddc$40$6BIB_3_000000000000000_LEEU$70$8BIB$912679$aORPH$bORPH$cKTS0$d2020-07-08$eKoopman$i43E11$l0$oBIB3 LEEU$p20127146$r2021-01-12 00:00:00$w2021-01-12$yBOO$OKoopman
=999  \\$d12697

