=LDR  00354    a2200109   4500
=001  12699
=020  \\$a9788859609711
=245  \\$aMuseo Stefano Bardini
=260  \\$c2011
=942  \\$cBOO
=952  \\$00$10$2ddc$40$6VIS_NESI$70$8VIS$912681$aORPH$bORPH$cKTS1_H$d2020-07-08$eKoopman$i43F07$l0$oVIS NESI$p20126474$r2021-01-12 00:00:00$w2021-01-12$yBOO$OKoopman
=999  \\$c12699$d12699

