=LDR  01864cam a22003734i 4500
=001  12701
=005  20250305122931.0
=008  120320s2011\\\\sp\a\\\\\b\\\\001\0\spa\\
=020  \\$a9788461515172
=020  \\$a846151517X
=041  0\$aspa$aeng
=100  \\$4edt$aMorales, Luisa$915100
=245  00$aMúsica de tecla en los monasterios femeninos y conventos de España, Portugal y las Américas.$bKeyboard Music in the Female Monasteries and Convents of Spain, Portugal and the Americas
=260  \\$aAlmerìa$bLEAL$c2011
=300  \\$axvi-293 pages 
=490  0\$aFIMTE Series$v4
=504  \\$aIncludes bibliographical references (pages 277-281) and index.
=546  \\$aTexts in Spanish or English with abstracts in the other language.
=561  \\$aEx Libris Ton Koopman
=648  \0$a16th Century (1501-1600)$1http://www.wikidata.org/entity/Q7017$920944
=648  \0$a17th Century (1601-1700)$1http://www.wikidata.org/entity/Q7016$920923
=648  \0$a18th Century (1701-1800)$1http://www.wikidata.org/entity/Q7015$920899
=650  \0$aChurch music$1http://www.wikidata.org/entity/Q8812109$92283
=650  \0$aKeyboard instrument$1http://www.wikidata.org/entity/Q52954$92849
=650  \0$aKeyboard music$1http://www.wikidata.org/entity/Q105715630$921412
=650  \0$aFemale$1http://www.wikidata.org/entity/Q6581072$921764
=650  \0$aComposer$1http://www.wikidata.org/entity/Q36834$93625
=651  \0$aSpain$1http://www.wikidata.org/entity/Q29$920983
=651  \0$aLisbon (Portugal)$1http://www.wikidata.org/entity/Q597$9249
=651  \0$aPortugal$1http://www.wikidata.org/entity/Q45$9136
=651  \0$aSouth America$1http://www.wikidata.org/entity/Q1$922373
=942  \\$cBOO
=952  \\$00$10$2ddc$40$6INS_3A$70$8INS$912683$aORPH$bORPH$cKTS0$d2020-07-08$eKoopman$i43F26$oINS3a$p20126454$r2021-01-12 00:00:00$w2021-01-12$yBOO
=999  \\$d12701

