=LDR  01226aam a2200241   4500
=001  12703
=005  20250925143300.0
=008  250402s1983\\\\|||ao|||\||||\00|\0dger\d
=041  \\$ager
=245  \\$aGeldrischer Heimatkalender 1984
=260  \\$c1983$aGeldern$bHistorischen Verien für Geldern und Umgegend
=300  \\$a208 pages
=500  \\$acontains article by Alois Wolfgang Arbogast "Benedictus a Sancto Josepho, alias Buns Gelriensis. Karmeliter, Organist und hochberühmter Komponist"p.106-119
=600  \0$aBuns, Benedictus$d1642-1716$1http://www.wikidata.org/entity/Q816904$96809
=648  \0$aPast$1http://www.wikidata.org/entity/Q192630$922196
=648  \0$a20th Century (1901-2000)$1http://www.wikidata.org/entity/Q6927$920936
=650  \0$aHistory$1http://www.wikidata.org/entity/Q309$921403
=650  \0$aMusic history$1http://www.wikidata.org/entity/Q846047$921373
=650  \0$aAlmanac$1http://www.wikidata.org/entity/Q171341$921366
=651  \0$aGeldern (Germany)$1http://www.wikidata.org/entity/Q16024$940011
=942  \\$cBOO
=952  \\$00$10$2ddc$40$6TOP_DE_GEL$70$8TOP$912685$aORPH$bORPH$cKTS0$d2020-07-08$eKoopman$i43G16$l0$oTOP DE.GEL$p20126791$r2021-01-12 00:00:00$w2021-01-12$yBOO$OKoopman
=999  \\$d12703

