=LDR  01061aam a2200229   4500
=001  12705
=008  250122s1976\\\\|||o||||\||||\00|\pdmul\d
=041  \\$afre$aoci
=245  \\$aJoi. Figures de pierre, figures de mots.$bPoèmes de troubadours et sculpture romane en Poitou-Saintonge
=260  \\$aChâteau-Larcher$bORAC$c1976
=300  \\$a144 pages
=648  \0$aMiddle Ages (500-1400)$1http://www.wikidata.org/entity/Q12554$920964
=650  \0$aPoetry$1http://www.wikidata.org/entity/Q482$93026
=650  \0$aSculpture$1http://www.wikidata.org/entity/Q860861$92483
=650  \0$aTroubadour$1http://www.wikidata.org/entity/Q186370$940259
=651  \0$aPoitou (France)$1http://www.wikidata.org/entity/Q954076$924207
=700  \\$aValin, Jean-Claude$4pht$940272
=700  \\$aJoly, Jean-Pierre$4pht$940273
=700  \\$aBec, Pierre$4trl$940274
=942  \\$cBOO
=952  \\$00$10$2ddc$40$6TOP_FR_POI2_3_000000000000000$70$8TOP$912687$aORPH$bORPH$cKTS0$d2020-07-08$eKoopman$i43G28$l0$oTOP FR.POI2 3$p20126778$r2021-01-12 00:00:00$w2021-01-12$yBOO$OKoopman
=999  \\$d12705

