=LDR  01550cam a2200337 a 4500
=001  12706
=005  20250506165239.0
=008  130405s2013\\\\it\ab\\\\ab\\\100\0bita\d
=010  \\$a  2012521143
=020  \\$a9788883349294 :$c35.00 EUR
=035  \\$a(ItFiC)it 13052616
=040  \\$aItFiC$cItFiC$dDLC
=041  0\$aita$ager$beng
=042  \\$alccopycat
=043  \\$ae-it---
=111  2\$94733$aConvegno internazionale Georg Friedrich Händel, Aufbruch nach Italien/in viaggio verso l'Italia$d(2009 :$cCentro tedesco di studi veneziani)
=245  10$aG. F. Händel :$bAufbruch nach Italien /$cherausgegeben von Helen Geyer, Birgit J. Wertenson = G. F. Händel : in viaggio verso l'Italia / a cura di Helen Geyer, Birgit J. Wertenson.
=250  \\$a1. ed.
=260  \\$aRome$bViella,$cc2013.
=300  \\$a308 p. :$bill., map ;$c21 cm.
=490  0\$aVenetiana ;$v11
=546  \\$aContributions in Italian and German; summaries in English.
=504  \\$aIncludes bibliographical references.
=600  \0$aHandel, George Frideric$d1685-1759$1http://www.wikidata.org/entity/Q7302$94765
=650  \0$aComposer$1http://www.wikidata.org/entity/Q36834$93625
=700  \\$aGeyer, Helen$d1953-$911099
=700  \\$aWertenson, Birgit Johanna$915102
=856  \\$uhttp://www.loc.gov/catdir/toc/casalini11/13052616.pdf$3Table of contents only
=942  \\$cBOO
=952  \\$00$10$2ddc$40$6BIO_HAND_E$70$8BIO$912688$aORPH$bORPH$cKTS1_P$d2020-07-08$eKoopman$i43G34$oBIO HAND e$p20126767$r2021-01-12 00:00:00$w2021-01-12$yBOO$OKoopman
=999  \\$c12706$d12706

