=LDR  05919aam a2200325   4500
=001  12710
=008  220321s1987\\\\|||gado|\||||\10|\0\mul\d
=020  \\$a8450550505
=041  \\$aspa$afre$ager$aeng
=245  \\$aEspaña en la música de Occidente.$bActas del Congreso Internacional celebrado en Salamanca 29 de obtubre - 5 de noviembre de 1985 "Año Europeo de la Música"
=260  \\$aMadrid$bInstituto Nacional de las Artes Enscenicas y de la Musica$c1987
=300  \\$a2 volumes (xxxii-403-[3]+505-[3] pages)
=505  \\$gVol. 1: Old-Hispanic chant in its European context / K. Levi (3) -- Archeomusicologia - Frühe musikarchäologische Funde und Schriftquellen zur Musik in Spanien / E. Hickmann (15) -- La notation wisigothique est-elle plus ancienne que les autres notations européennes? / M. Huglo (19) -- L'Ars antiqua en Espagne / M. Lütolf (27) -- La musica en la lirica castellana durante la Edad Media / I. Fernandez de la Cuesta (33) -- Sobre el papel de Espana en al musica europea del Siglo XIV y primer tercio del siglo XV / M. del Carmen Gomez (45) -- La iconografia musical hispanica en la Edad Media en relacion con los criterios esteticos de las diferentes etapas artisticas / M. del Rosario Avarez Martinez (49) -- Influences arabes et juives dans la musique espagnole médievale / A. Bahat (63) -- El 'pes initio debilis' en las principales familias neumaticas gregorianas / H. Gonzales Barrionuevo (69) -- Una grafia particular del porrectus en la rotacion mozarabe de tipo vertical / H. Gonzales Barrionuevo (75) -- Cantiga de Santa Maria n. 288: some musical implications / W. Lawson (91) -- Pervivenca de una melodia de las Cantigas en el Cancionero Musical de Palacio / D. Preciado (95) -- Les chansons de Thibaud de Champagne au réfectoire de Pamplona / J. Chailley (101) -- Spania versus Spain in the Cantigas de Santa Maria / M. P. Ferreira (109) -- Spanish musical impact beyond the Pyrenees (1250-1500) / R. Stevenson (115) -- Francisco de Salinas (1513-90) as Humanist / C. Palisca (165) -- Canto tradicional y polifonia en el primer Renascimiento espanol / D. Preciado (171) -- Los comienzos del Renascimiento literario y musical en España / C. Terni (185) -- La musica espanola en la segunda mitad del Siglo XVI: Polifonia, musical instrumental, tratadistas / M. Llorens (189) -- La universidad de Salamanca en la musica de Occidente / D. Garcia Fraile (289) -- Las formas instrumentales en el siglo XVI / L. Jambou (293) -- Permanence de la musique des Pays-Bas anciens dans la musique espagnole du XVIe siècle / P. Becquart (309) -- La evolucion de la fantasia en el repertorio vihuelistico / J. Griffiths (315) -- Berlin Mus.ms.40032 y otros nuevos hallazgos en el repertorio para vihuela / J. Griffiths (323) -- Polish-Spanish Music miscellanea of the 16th and 17th centuries / M. Perz (325) -- Revindicacion de un 're' / J. J. Rey (331) -- Guitarras, bandolas y arpas espanolas en America Latina / I. Aretz (333) -- Manierismo y barroco / J. Lopez-Calo (351) -- Accompaniment and Continuo in Spanish Baroque Music / Louise K. Stein (357) -- Lo hispanico y lo italiano en el teatro lirico espanol del siglo XVII / D. Becker (371) -- Imported influences in 17th and 18th century guitar music in Spain / C. H. Russell (385)$gVol. 2: Barroco (estilo galante-clasicismo) / J. Lopez-Calo (3) -- Las obras de Haendel relacionadas con Espana / L. Siemens Hernandez (31) -- Las capillas musicales catedralicas desde Carlos III hasta Ferdinando VII / M. P. Alen (39) -- Influencias ibericas y aspectos por investigar en la obra para clave de Domenico Scarlatti / R. Puyana (51) -- Early history of Baroque as a musical term / C. Palisca (61) -- Vihuelas de arco y violones en la corte de Felipe III / L. Robledo (63) -- A Spanish contribution to Early Baroque Organology: Fray Raimundo Truchado's Geigenwerck / Ferdinand J. de Hen (77) -- El codice Saldivar, una nueva fuente de musica para guitarra / E. Osorio Bolio de Saldivar (87) -- Instrumentos e instrumentistas espanolas y extranjeros en la Real Capilla desde 1701 hasta 1749 / B. Kenyon de Pascual (93) -- La estancia del compositor Juan Pedro de Almeyda y Motta en Mondonedo / X. M. Carreira (99) -- La formacion musical de Sebastian de Albero (1722-1756): nuevas aportaciones / M. G. Gembero Ustarroz (109) -- Composiciones del Magnificat de Luis Serra / J. J. Carreras (125) -- On the changes in the four-part writing in Boccherini's string quartets / C. Speck (129) -- Portuguese-Spanish musical relations during the 18th century / M. Carlos de Brito (133) -- The poetic incise as a guide to rhythmic grouping and dynamic direction in classic music / W. S. Newman (139)
=600  \0$aScarlatti, Domenico$d1685-1757$1http://www.wikidata.org/entity/Q167837$95383
=600  \0$aHandel, George Frideric$d1685-1759$1http://www.wikidata.org/entity/Q7302$94765
=648  \0$aPast$1http://www.wikidata.org/entity/Q192630$922196
=650  \0$aMusic history$1http://www.wikidata.org/entity/Q846047$921373
=650  \0$aInfluence$1http://www.wikidata.org/entity/Q1307337$1http://www.wikidata.org/entity/Q16578639$922289
=650  \0$aNotation$1http://www.wikidata.org/entity/Q233861$91964
=650  \0$aSpanish$940213
=650  \0$aArcheology$1http://www.wikidata.org/entity/Q23498$94082
=650  \0$aBaroque$1http://www.wikidata.org/entity/Q37853$921255
=651  \0$aSpain$1http://www.wikidata.org/entity/Q29$920983
=700  \\$4edt$aCaseres Rodicio, E.$923812
=700  \\$4edt$aFernández de la Cuesta, I.$923813
=700  \\$4edt$aLópez-Calo, José$912477
=942  \\$cBOO
=952  \\$00$10$2ddc$3vol. 1$40$6TOP_ES$70$8TOP$912692$aORPH$bORPH$cKTS0$d2020-07-08$eKoopman$i44A01-1$oTOP ES$p20126749$r2021-01-12 00:00:00$w2021-01-12$yBOO
=952  \\$00$10$2ddc$3vol. 2$40$6TOP_ES$70$8TOP$912693$aORPH$bORPH$cKTS0$d2020-07-08$eKoopman$i44A01-2$oTOP ES$p20126748$r2021-01-12 00:00:00$w2021-01-12$yBOO
=999  \\$d12710

