=LDR  00354    a2200109   4500
=001  12713
=020  \\$a9783936655643
=245  \\$aRinckiana Vol. II
=260  \\$c2011
=942  \\$cBOO
=952  \\$00$10$2ddc$40$6BIO_RINC_E$70$8BIO$912695$aORPH$bORPH$cKTS1_P$d2020-07-08$eKoopman$i44A13$l0$oBIO RINC e$p20126733$r2021-01-12 00:00:00$w2021-01-12$yBOO$OKoopman
=999  \\$c12713$d12713

