=LDR  00950aam a2200217   4500
=001  12718
=008  220609s2007\\\\|||a||||\||||\00|\0ddut\d
=020  \\$a9789040083112
=041  \\$adut
=100  \\$4ctb
=245  \\$aVerzamelaars in Sint-Petersburg
=260  \\$aZwolle$bWaanders$aAmsterdam$bHermitage$c2007
=300  \\$a129 pages
=610  \0$aHermitage Museum (Saint Petersburg, Russia)$1http://www.wikidata.org/entity/Q132783$924320
=648  \0$a19th Century (1801-1900)$1http://www.wikidata.org/entity/Q6955$920935
=650  \0$aFine art$1http://www.wikidata.org/entity/Q219625$921579
=650  \0$aCollecting$1http://www.wikidata.org/entity/Q208165$92117
=651  \0$aSaint Petersburg (Russia)$1http://www.wikidata.org/entity/Q656$923056
=942  \\$cBOO
=952  \\$00$10$2ddc$40$6TOP_RU_SAI_6_000000000000000$70$8TOP$912700$aORPH$bORPH$cKTS0$d2020-07-08$eKoopman$i44A31$oTOP RU.SAI 6$p20126713$r2021-01-12 00:00:00$w2021-01-12$yBOO
=999  \\$d12718

