=LDR  01172nam a2200253 a 4500
=001  12719
=005  20250120120108.0
=008  950912s1995\\\\it\a\\\\\bk\\\011\0\mul\\
=020  \\$a8855523252 :$cL65000.
=040  \\$aOI
=041  0\$aita$ager$afre$aeng
=100  \\$4dte$aTagliavini, Luigi Ferdinando$d1929-2017$1http://www.wikidata.org/entity/Q327719$914041
=245  00$aMusicus perfectus.$bStudi in onore di Luigi Ferdinando Tagliavini "Prattico e Specolativo" nella ricorrenza del LXV° compleanno$craccolti da Pio Pellizzari.
=260  \\$aBologna$bPàtro$c1995
=300  \\$axvii, 310 pages$bill. ;$c25 cm.
=504  \\$aIncludes bibliographical references and index.
=504  \\$aDiscography: p. [291]-294.
=546  \\$aTexts in Italian, English, French, or German.
=650  \0$aKeyboard instrument$1http://www.wikidata.org/entity/Q52954$92849
=650  \0$aMusic history$1http://www.wikidata.org/entity/Q846047$921373
=700  \\$aPellizzari, Pio$915103
=942  \\$cBOO
=952  \\$00$10$2ddc$40$6REF_4_000000000000000_TAGL$70$8REF$912701$aORPH$bORPH$cKM12_1$d2020-07-08$eKoopman$i44A32$oREF4 TAGL$p20126712$r2021-01-12 00:00:00$w2021-01-12$yBOO
=999  \\$d12719

