=LDR  03725nam a2200289 a 4500
=001  12722
=008  900802s1987\\\\gw\a\\\\\b\\\\001\0\ger\\
=010  \\$a  
=020  \\$a3795204860
=041  0\$ager
=245  00$aStudia organologica:$bFestschrift für John Henry van der Meer zu seinem fünfundsechzigsten Geburtstag
=260  \\$aTutzing$bSchneider$c1987
=300  \\$aviii-555 pages
=490  \\$aWissenschaftliche Beibände zum Anzeiger des Germanischen Nationalmuseums$v6
=504  \\$aIncludes bibliographical references.
=505  \\$aBachmann-Geiser, B.:  Die Bläser der Bandella Tremonese -- Barclay, R.L.: Preliminary studies on trumpet making techniques in 17th and 18th century Nürnberg -- Bran-Ricci, J.: Un aspect de la lutherie française: Ouvrard, Salomon et leur entourage dans les collections du Musée Instrumental du Conservatoire de Paris -- Doderer, G.: Eine portugiesische Kleinorgel des 17. Jahrhunderts -- Emsheimer, E.: Organologische und ethnomusikologische Beobachtungen von Peter Simon Pallas bei den Kalmücken im Jahr 1769 --  Eppelsheim, J.: Bassetthorn-Studien -- Fischer, H. & Wohnhaas, T.: Die Fugger-Orgel von St. Anna in Augsburg - ein Strukturmodell schwäbischer Renaissanceprospekte -- Fontana, E.: Der Klavierbau in Pest und Buda 1817-1872 -- Gai, V.: La denominazione corno omnitonico nella nomenclatura organologica italiana -- Heyde, H.: Zum Florentiner Cembalobau um 1700 - Bemerkungen zu MS.68 und MS.70 des Händel-Hauses Halle -- Hickmann, E.: Die Darstellung alexandrinischer Musikinstrumente und die spätantike Terminologie: eine Gegenüberstellung -- Huber, A.: Deckelstützen und Schalldecken in Hammerklavieren -- Joppig, G.: Zur Entwicklung des deutschen Fagotts -- Kjeldsberg, P. A.: An Indispensable Instrument - a look at the sources of piano history in Norway -- Krickeberg, D. & Rase, H.: Beiträge zur Kenntnis des mittel- und norddeutschen Cembalobaus um 1700 -- Lambour, C.: Wenn es Ihnen vielleicht gefällig wäre, Herr Menselssohn? Felix Mendelssohn Bartholdy - der Pianist -- Lambrechts-Douillez, J.: The history of harpsichord making in Antwerpen in the 18th century -- Libin, L.: The Eisenbrandt family pedigree -- Moens, K.: Der frühe Geigenbau in Süddeutschland -- Müller, M.: Around a mouth-organ: the khaen in the Royal Danish Kunstkammer -- Schmid, M. H.: Der Violone in der italienischen Instrumentalmusik des 17. Jahrhunderts -- Skowroneck, M.: Praktische öberlegungen und Beobachtungen zur Frage der Saitenstärken von frühen Hammerflügeln -- Stradn,er, G.: Die Instrumente der Wiener Schrammeln -- Tagliavini, L. F.: Considerazioni sugli ambiti delle tastiere degli organi italiani -- Thomas, F.: Ein rätselhaftes Musikinstrument des 19. Jahrhunderts -- Ventzke, K.: Zur Biographie von Georg Kinsky 1882-1951 -- Wackernagel, B.: Musikinstrumente in Neapler Krippen -- Williams, P.: How did the organ become a church instrument? A sequel of further questions -- 
=610  \0$1http://www.wikidata.org/entity/Q155834$aFugger family$922331
=648  \0$a16th Century (1501-1600)$1http://www.wikidata.org/entity/Q7017$920944
=648  \0$a17th Century (1601-1700)$1http://www.wikidata.org/entity/Q7016$920923
=648  \0$a18th Century (1701-1800)$1http://www.wikidata.org/entity/Q7015$920899
=648  \0$a19th Century (1801-1900)$1http://www.wikidata.org/entity/Q6955$920935
=650  \0$aOrganology$1http://www.wikidata.org/entity/Q899293$921400
=651  \0$aEurope$1http://www.wikidata.org/entity/Q46$991
=700  \\$aHellwig, Friedemann$4edt$911504
=942  \\$cBOO
=952  \\$00$10$2ddc$40$6INS_1A$70$8INS$912704$aORPH$bORPH$cKTS0$d2020-07-08$eKoopman$i44B33$oINS1a$p20126680$r2021-01-12 00:00:00$w2021-01-12$yBOO
=999  \\$d12722

