=LDR  00603    a2200145   4500
=001  12723
=008  210817t1960\\\\||||||||\||||\01|\0\ger\d
=100  \\$aOrel, Alfred$d1889-1967 $4dte$1http://www.wikidata.org/entity/Q4336135$913077
=245  \\$aFestschrift Alfred Orel zum 70. Geburtstag
=260  \\$c1960$aVienna$bRudolf M. Rohrer
=300  \\$a212 pages
=700  \\$4edt$aFederhofer, Hellmut$d1911-2014$915075
=942  \\$cBOO
=952  \\$00$10$2ddc$40$6REF_4_000000000000000_OREL$70$8REF$912705$aORPH$bORPH$cKM12_1$d2020-07-08$eKoopman$i44B35$oREF4 OREL$p20126678$r2021-01-12 00:00:00$w2021-01-12$yBOO
=999  \\$d12723

