=LDR  01046aam a2200205   4500
=001  12725
=005  20250925143300.0
=008  250828s1992\\\\||||||||\||||\00|\0\dut\d
=041  \\$adut
=245  \\$aRestauratie Waalse Kerk Amsterdam 1990-1992
=260  \\$aAmsterdam$bCollege van Kerkmeesteren$c1992
=590  \\$aUitgegeven ter gelegenheid van de feestelijke heropening van de Waalse Hervormde Kerk te Amsterdam op 27 september 1992
=610  \0$aWaalse Kerk (Amsterdam, Netherlands)$1http://www.wikidata.org/entity/Q2410708$924809
=648  \0$a20th Century (1901-2000)$1http://www.wikidata.org/entity/Q6927$920936
=650  \0$aConservation and restoration$1http://www.wikidata.org/entity/Q217102$922845
=650  \0$aChurch$1http://www.wikidata.org/entity/Q16970$93776
=651  \0$aAmsterdam (Netherlands)$1http://www.wikidata.org/entity/Q727$9135
=942  \\$cBOO
=952  \\$00$10$2ddc$40$6TOP_NL_AMS$70$8TOP$912707$aORPH$bORPH$cKTS0$d2020-07-08$eKoopman$i44C02$l0$oTOP NL.AMS$p20126669$r2021-01-12 00:00:00$w2021-01-12$yBOO$OKoopman
=999  \\$d12725

