=LDR  01102cam a22002534a 4500
=001  12726
=005  20250120120110.0
=008  050817s2005\\\\ne\a\\\\\b\\\\000\0\dut\\
=020  \\$a9071123790
=040  \\$aOI
=041  \\$adut
=245  00$aGetuigenis op straat:$bde Larense Sint Janstraditie
=260  \\$aWormer$bStichting Uitgeverij Noord-Holland$aLaren$bLeo Janssen Produkties$c2005
=300  \\$a280 pages$billustrations (chiefly color)$c29 cm
=504  \\$aIncludes bibliographical references (p. 269-271).
=600  \0$aJohn the Baptist$cSaint$1http://www.wikidata.org/entity/Q40662$915109
=650  \0$aProcession$1http://www.wikidata.org/entity/Q898830$92950
=650  \0$aCatholicism$1http://www.wikidata.org/entity/Q1841$921631
=651  \0$aLaren (Netherlands)$1http://www.wikidata.org/entity/Q9945$9243
=700  \\$aJanssen, Leo$d1948-$915110$4edt
=700  \\$aLoeff, Karel$4edt$915111
=942  \\$cBOO
=952  \\$00$10$2ddc$40$6TOP_NL_LAR$70$8TOP$912708$aORPH$bORPH$cKTS0$d2020-07-08$eKoopman$i44C08$l0$oTOP NL.LAR$p20126663$r2021-01-12 00:00:00$w2021-01-12$yBOO$OKoopman
=999  \\$d12726

