=LDR  00902    a2200217   4500
=001  12728
=008  220211s2003\\\\-csa||||\||||\00|\0\cze\d
=020  \\$a8024406101
=041  \\$acze
=100  \\$4aut$aVarious$94793
=245  \\$aVarhany a jejich funkce v Čechách a na Moravě 1600-2000
=260  \\$c2003$aCzech Republic$bUniverzita Palackého v Olomuci
=300  \\$a173 pages
=336  \\$aprinted
=648  \0$aPast$1http://www.wikidata.org/entity/Q192630$922196
=648  \0$a21st Century (2001-2100)$1http://www.wikidata.org/entity/Q6939$920812
=650  \0$aOrgan$1http://www.wikidata.org/entity/Q1444$92810
=651  \0$aMoravia (Czech Republic)$1http://www.wikidata.org/entity/Q43266$921692
=942  \\$cBOO
=952  \\$00$10$2ddc$40$6INS_3_100000000000000_A_CH$70$8HUM$912710$aORPH$bORPH$cKTS0$d2020-07-08$eKoopman$i44D02$oINS3.1 a CH$p20126637$r2021-01-12 00:00:00$w2021-01-12$yBOO
=999  \\$d12728

