=LDR  00355    a2200109   4500
=001  12729
=020  \\$a9783921140741
=245  \\$aGeorg Joseph Vogler
=260  \\$c2007
=942  \\$cBOO
=952  \\$00$10$2ddc$40$6BIO_VOGL2_D$70$8BIO$912711$aORPH$bORPH$cKTS1_P$d2020-07-08$eKoopman$i44D06$oBIO VOGL2 d$p20126633$r2021-01-12 00:00:00$w2021-01-12$yBOO$OKoopman
=999  \\$c12729$d12729

