=LDR  00840    a2200193   4500
=001  12730
=008  220413s2013\\\\gw\af|||\||||\00|\0\ger\d
=041  \\$ager
=100  \\$4aut$aVarious$94793
=245  \\$aEine Orgel für Bach in St. Katharinen, Hamburg
=260  \\$c2013$aHamburg$bStiftung Johann Sebastian
=300  \\$a130 pages
=336  \\$aprinted
=610  \0$aHauptkirche St. Katharinen (Hamburg, Germany)$1http://www.wikidata.org/entity/Q616790$923919
=700  \\$4win$aWolff, Christoph$d1940-$1http://www.wikidata.org/entity/Q66488$910387
=700  \\$4win$aKoopman, Ton$d1944-$1http://www.wikidata.org/entity/Q445121$910491
=942  \\$cBOO
=952  \\$00$10$2ddc$40$6INS_3_000000000000000_1E_DE_HAM$70$8INS$912712$aORPH$bORPH$cKTS0$d2020-07-08$eKoopman$i44D07$oINS3.1e DE.HAM$p20126632$r2021-01-12 00:00:00$w2021-01-12$yBOO
=999  \\$d12730

