=LDR  00875aaa a2200205   4500
=001  12731
=008  220127s1961\\\\fr\a||||\||||\00|\0\fre\d
=041  \\$afre
=100  \\$4aut$aVarious$94793
=245  \\$aL'Orgue: Technique, Esthétique, Histoire$bRevue trimestrielle$n100$pOctobre-Décembre 1961
=260  \\$c1961$aParis$bDufourcq
=300  \\$a295 pages
=336  \\$aprinted
=650  \0$aOrgan$1http://www.wikidata.org/entity/Q1444$92810
=650  \0$aOrgan music$1http://www.wikidata.org/entity/Q2003283$91951
=650  \0$aOrganology$1http://www.wikidata.org/entity/Q899293$921400
=700  \\$aDufourcq, Norbert$d1904-1990$1http://www.wikidata.org/entity/Q221775$4edt$918235
=942  \\$cBOO
=952  \\$00$10$2ddc$40$6INS_3_000000000000000_1A$70$8INS$912713$aORPH$bORPH$cKTS0$d2020-07-08$eKoopman$i44D08$oINS3.1a$p20126631$r2021-01-12 00:00:00$w2021-01-12$yBOO
=999  \\$d12731

