=LDR  01196    a2200253   4500
=001  12732
=008  220207s2011\\\\de\ao|||\||||\00|\0\ger\d
=020  \\$a9783200023253
=041  \\$ager
=245  \\$aDie Älteste Orgel Wiens.$bDie Wöckherl-Orgel (1642) in der Wiener Franziskanerkirche
=246  \1$aWiener Beiträge zu Orgel und Kirchenmusik$bInstituut fur Orgel, Orgelforschung, und Kirchenmusik an der Universität fur Musik und Darstellende Kunst Wien
=260  \\$c2011$aVienna$bUniversität fur Musik und Darstellende Kunst Wien
=300  \\$a192 pages
=336  \\$aprinted
=650  \0$aOrgan$1http://www.wikidata.org/entity/Q1444$92810
=650  \0$aOrgan music$1http://www.wikidata.org/entity/Q2003283$91951
=651  \0$aVienna (Austria)$1http://www.wikidata.org/entity/Q1741$920937
=700  \\$4edt$aSauseng, Wolfgang$913790
=700  \\$4edt$aPeterl, Andreas$923665
=700  \\$4edt$aOrtner, Erwin$d-1947$923664
=700  \\$4edt$aKreuzhuber, Wolfgang$d-1957$923666
=942  \\$cBOO
=952  \\$00$10$2ddc$40$6INS_3_000000000000000_1A_AT_VIE$70$8INS$912714$aORPH$bORPH$cKTS0$d2020-07-08$eKoopman$i44D09$oINS3.1a AT.VIE$p20126630$r2021-01-12 00:00:00$w2021-01-12$yBOO
=999  \\$d12732

