=LDR  00348    a2200097   4500
=001  12735
=245  \\$aJohn Cage orgel kunst projekt
=260  \\$cs.d.
=942  \\$cBOO
=952  \\$00$10$2ddc$40$6BIO_CAGE_E$70$8BIO$912717$aORPH$bORPH$cKTS1_P$d2020-07-08$eKoopman$i44D27$l1$oBIO CAGE e$p20126612$r2025-01-22 08:04:30$s2024-10-16$w2021-01-12$yBOO$OKoopman
=999  \\$c12735$d12735

