=LDR  01618cam a2200373 i 4500
=001  12737
=005  20250926134857.0
=008  121214t20122012sz\a\\\\\b\\\\001\0\ger\d
=010  \\$a  2012449950
=016  7\$a1022758977$2DE-101
=020  \\$a9783796528606$q(hd. bd.)
=020  \\$a3796528600$q(hd. bd.)
=035  \\$a(OCoLC)ocn820121163
=035  \\$a(OCoLC)820121163
=040  \\$aOHX$beng$erda$cOHX$dCOO$dOCLCQ$dOCLCF$dOCLCQ$dOCLCO$dDLC
=042  \\$alccopycat
=072  \7$aML$2lcco
=245  00$aWie schön leuchtet der Morgenstern :$bJohann Sebastian Bachs geistliche Kantaten : Werkeinführungen und Dokumente der Basler Gesamtaufführung /$cherausgegeben von Albert Jan Becking, Jörg-Andreas Bötticher und Anselm Hartinger.
=264  \1$aBasel :$bSchwabe Verlag,$c[2012]
=264  \4$c©2012
=300  \\$a690 pages :$billustrations ;$c25 cm
=336  \\$atext$btxt$2rdacontent
=337  \\$aunmediated$bn$2rdamedia
=338  \\$avolume$bnc$2rdacarrier
=504  \\$aIncludes bibliographical references and index.
=600  \0$aBach, Johann Sebastian$d1685-1750$1http://www.wikidata.org/entity/Q1339$94766
=648  \0$a18th Century (1701-1800)$1http://www.wikidata.org/entity/Q7015$920899
=650  \0$aCantata$1http://www.wikidata.org/entity/Q174873$921603
=700  \\$aBecking, Albert Jan$d-1957$915115
=700  \\$aBötticher, Jörg-Andreas$915116
=700  \\$aHartinger, Anselm$915117
=942  \\$cBOO
=952  \\$00$10$40$6BIO_BACH1_E$70$8BIO$912719$aORPH$bORPH$cKTS1_P$d2020-07-08$eKoopman$i44F04$oBIO BACH1 e$p20126840$r2021-01-12 00:00:00$w2021-01-12$yBOO$OKoopman
=999  \\$d12737

