=LDR  01425aam a2200253   4500
=001  12740
=008  241210s1948\\\\||||||||\||||\00|\0dmul\d
=041  \\$adut$alat
=245  \\$aFlorilegium Chronicorum Neerlandicorum.$bEen keuze uit de Latijnse kronieken van Noord- en Zuid-Nederland van de tiende tot de vijftende eeuw
=260  \\$c1948$aThe Hague$bNijhoff
=300  \\$a288 pages
=648  \0$aMiddle Ages (500-1400)$1http://www.wikidata.org/entity/Q12554$920964
=648  \0$a15th Century (1401-1500)$1http://www.wikidata.org/entity/Q7018$921015
=650  \0$aHistory$1http://www.wikidata.org/entity/Q309$921403
=650  \0$aChronicle$1http://www.wikidata.org/entity/Q185363$939297
=650  \0$aReligion$1http://www.wikidata.org/entity/Q9174$93062
=651  \0$aFlanders (Belgium)$1http://www.wikidata.org/entity/Q234$989
=651  \0$aNetherlands$1http://www.wikidata.org/entity/Q55$1http://www.wikidata.org/entity/Q29999$9173
=651  \0$aBelgium$1http://www.wikidata.org/entity/Q31$920881
=700  \\$aGessler, Jean$d1878-1952$1http://www.wikidata.org/entity/Q55625557$4aut$4edt$939294
=700  \\$aNiermeyer, Jan Frederik$d1907-1965$1http://www.wikidata.org/entity/Q33187311$4aut$4edt$939296
=942  \\$cBOO
=952  \\$00$10$2ddc$40$6TOP_BE_FLA_3_000000000000000$70$8TOP$912722$aORPH$bORPH$cKTS0$d2020-07-08$eKoopman$i44F13$l0$oTOP BE.FLA 3$p20126826$r2021-01-12 00:00:00$w2021-01-12$yBOO$OKoopman
=999  \\$d12740

