=LDR  01386aam a2200217   4500
=001  12741
=008  211122s2014\\\\\\\|||||\||||\00|\0\eng\d
=020  \\$a9783928412155
=041  \\$aeng
=100  \\$4edt$aPeeters, Paul$925280
=245  \\$aThe Haarlem Essays.$bCelebrating Fifty International Organ Festivals
=260  \\$aBonn$aAmsterdam$bButz$c2014
=300  \\$a472 pages
=505  \\$aFour Haarlem Organs / B. van Buitenen -- Improvisation: the emancipation of an ancient musical skill / H. Fidom -- A very necessary and useful science: thoughts on basso continuo playing in the seventeenth and eighteenth centuries / T. Koopman -- Little Paris: a Cavaillé-Coll organ in Haarlem / R. Verwer -- The Organ at the Centre: critical stages in Bach's musical life / C. Wolff -- Treasured by the Angels: organ music from William Byrd to Wilhelm Friedemann Bach / J. C. Zehnder
=650  \0$aOrgan$1http://www.wikidata.org/entity/Q1444$92810
=650  \0$aOrganology$1http://www.wikidata.org/entity/Q899293$921400
=651  \0$aHaarlem (Netherlands)$1http://www.wikidata.org/entity/Q9920$921584
=700  \\$4ctb$aKoopman, Ton$d1944-$1http://www.wikidata.org/entity/Q445121$910491
=942  \\$cBOO
=952  \\$00$10$2ddc$40$6INS_3_000000000000000_1A_NL_HAA$70$8INS$912723$aORPH$bORPH$cKTS0$d2020-07-08$eKoopman$i44F19$oINS3.1a NL.HAA$p20126820$r2021-01-12 00:00:00$w2021-01-12$yBOO
=999  \\$d12741

