=LDR  03336cam a2200301 a 4500
=001  12742
=005  20250120120250.0
=008  081212s2009\\\\nyug\\\\\b\\\\010\0deng\\
=010  \\$a  2008053840
=020  \\$a9781576471548
=020  \\$a1576471543
=035  \\$a(OCoLC)ocn289009150
=040  \\$aOI
=041  \\$aeng
=084  \\$2bcl
=100  \\$4edt$aKing, Richard Glenn$d1954-$eEditor$915119
=245  00$aHandel Studies:$bA Gedenkschrift for Howard Serwer
=260  \\$aHillsdale, NY$bPendragon$c009
=300  \\$avii, 357 p. :$bmusic ;$c24 cm.
=490  1\$aFestschrift series$v22
=504  \\$aIncludes bibliographical references.
=504  \\$a"Writings by Howard Serwer": p. 353-357.
=505  0\$aFrom Walsh to the Hallische Handel-Ausgabe : Handel editions past and present / Terence Best -- Handel's years as an apprentice to Reinhard Keiser at the Gansemarkt Opera House in Hamburg (1703-1705) / Hans Joachim Marx -- Jupier in Argos / Winton Dean -- Why does Jephtha misinterpret his own vow? / Ruth Smith -- For better or worse? : Handel's revisions in Theodora / David Ross Hurley -- Who does what, when? : on the instrumentation of the basso continuo and the use of the organ in Handel's English oratorios / Donald Burrows -- Royal patronage of Handel in Britain : the rewards of pensions and office / David Hunter -- Pyramids in Germany : on the German reception of Handel's oratorios in the eighteenth and nineteenth centuries / Annette Landgraf -- Reinventing Handel : Hermann Stephani's Jephtha arrangement / Our Handel image / Alfred Mann -- Handel, Jennens, and Messiah / Howard Serwer -- Messiah performance traditions / Jens Peter Larsen -- Esther and the beginning of English oratorio / Howard Serwer -- Theatre in London in Handel's day / Shirley Strum Kenny -- Chandos anthem IX / Graydon Beeks -- Deborah is a failure / Howard Serwer -- Handel commemoration : 1684(?), 1784, 1984 / Howard Serwer -- Handel as a political football in the 1784 commemoration / William Weber -- Notes on the program (Acis and Galatea) / Graydon Beeks -- Handel and the theatre / Winton Dean -- Handel's Saul ; Some sources of Handel's Israel in Egypt (Erba's Magnificat and Stradella's Serenata) / Anthony Hicks -- Israel in Egypt / Donald Burrows -- Notes on the program (Greene's Ode for music and Handel's Song for St. Cecilia's Day) / Anthony Hicks -- Handel's Samson / Donald Burrows -- Congreve's Semele and opera in London / Calhoun Winton -- Handel's Semele / Anthony Hicks -- Handel, the Foundling Hospital, and Messiah / Donald Burrows -- Handel's Agrippina / J. Merrill Knapp -- Joseph and his brethren / Donald Burrows -- Notes on the program (Hercules auf dem Scheideweg : The choice of Hercules) ; Handel's Hercules / Anthony Hicks -- Handel's Belshazzar / Donald Burrows -- Judas Maccabeus ; Alexander Balus / Anthony Hicks -- Joshua ; Handel in 1749 / Donald Burrows -- Susanna / Anthony Hicks -- Solomon ; Theodora / Donald Burrows -- Jephtha / Anthony Hicks.
=600  \0$aHandel, George Frideric$d1685-1759$1http://www.wikidata.org/entity/Q7302$94765
=830  \0$91102$aFestschrift series ;$vno. 22.
=942  \\$cBOO
=952  \\$00$10$2ddc$40$6BIO_HAND_E$70$8BIO$912724$aORPH$bORPH$cKTS1_P$d2020-07-08$eKoopman$i44G01$l0$oBIO HAND e$p20126880$r2021-01-12 00:00:00$w2021-01-12$yBOO
=999  \\$c12742$d12742

