=LDR  00975cam a2200229 a 4500
=001  12744
=008  110425s2011\\\\\\\\\\\\\\\\\\001\e\eng\d
=041  \\$aeng
=245  00$aMusic at German Courts, 1715-1760:$bChanging Artistic Priorities
=260  \\$aWoodbridge, Suffolk$bBoydell$c2011
=300  \\$axx-484 pages
=648  \0$a18th Century (1701-1800)$1http://www.wikidata.org/entity/Q7015$920899
=650  \0$aCappella$1http://www.wikidata.org/entity/Q19902156$922910
=650  \0$aCourt$922191
=650  \0$aMusic history$1http://www.wikidata.org/entity/Q846047$921373
=651  \0$aGermany$1http://www.wikidata.org/entity/Q183$9155
=700  \\$aOwens, Samantha$4edt$915120
=700  \\$aReul, Barbara M.$4edt$924794
=700  \\$aStockigt, Janice B.$4edt$924795
=942  \\$cBOO
=952  \\$00$10$2ddc$40$6TOP_DE_5_000000000000000$70$8TOP$912726$aORPH$bORPH$cKTS0$d2020-07-08$eKoopman$i44G05$l0$oTOP DE 5$p20126876$r2021-01-12 00:00:00$w2021-01-12$yBOO$OKoopman
=999  \\$d12744

