=LDR  02296cam a22003014i 4500
=001  12745
=008  140117s2013\\\\be\ag\\\\b\\\\000\0\eng\\
=020  \\$a9789058679550
=020  \\$a9058679551
=040  \\$aOI
=041  \\$aeng
=245  00$aMusic and the City:$bMusical Cultures and Urban Societies in the Southern Netherlands and Beyond, c. 1650-1800
=260  \\$aLeuven$bLeuven University Press$c2013
=300  \\$a185 pages$billustrations, music$c24 cm
=504  \\$aIncludes bibliographical references.
=520  8\$aThe societal dimension of music in urban life in the late seventeenth and eighteenth centuries. Although early modern urban musical life has been the object of investigation with several researchers, little is known about the ways in which musical cultures were integrated within their broader urban environments. Building upon recent trends within urban musicology, the authors of this volume aim to transcend descriptive overviews of institutions and actors involved with music within a given city. Instead, they consider the urban environment as the constitutive context for music making, and music as a significant aspect of urban society and identity. Through selected case studies and by focusing on three 'musical circuits'-opera and theatre music, sacred music, and secular songs-this book contributes to a more effective understanding of music in late seventeenth- and eighteenth-century urban societies in the southern Netherlands and beyond.
=648  \0$a17th Century (1601-1700)$1http://www.wikidata.org/entity/Q7016$920923
=648  \0$a18th Century (1701-1800)$1http://www.wikidata.org/entity/Q7015$920899
=650  \0$aMusic history$1http://www.wikidata.org/entity/Q846047$921373
=651  \0$aEurope$1http://www.wikidata.org/entity/Q46$991
=651  \0$aFlanders (Belgium)$1http://www.wikidata.org/entity/Q234$989
=700  \\$aBeghein, Stefanie$4edt$918281
=700  \\$aBlondé, Bruno$d1964-$4edt$915122
=700  \\$aSchreurs, Eugeen$4edt$915924
=700  \\$aForment, Bruno$d1978-$4ctb$1https://orcid.org/0000-0002-0157-5485$920844
=942  \\$cBOO
=952  \\$00$10$2ddc$40$6TOP_BE_FLA_5_000000000000000$70$8TOP$912727$aORPH$bORPH$cKTS0$d2020-07-08$eKoopman$i44G25$l0$oTOP BE.FLA 5$p20126851$r2021-01-12 00:00:00$w2021-01-12$yBOO
=999  \\$d12745

