=LDR  02668aam a2200349   4500
=001  12746
=005  20251103124736.0
=008  230412s2012\\\\||||||||\||||\00|\0\fre\d
=020  \\$a9782503545776
=041  \\$afre
=245  \\$aCollectionner la musique : $bau cœur de l'interpretation
=260  \\$aTurnhout$bBrepols$c2012
=300  \\$a302 pages
=490  \\$aCollectionner la musique$v2
=500  \\$aTracing the history of the art of collecting music is a relatively new scholarly phenomenon. The present compendium, prepared by an international group of research scholars, is the result of a project that was launched by the Fondation Royaumont following its acquisition of the library of the pianist François Lang (1908-1944).

Following logically upon the contents of the first volume (Collectionner la musique : histoires d’une passion, 2010); this new volume focuses upon the question of the “collector-interpreter”. The phenomenon of collecting, which has been central to the work of certain artists, is here illustrated, first, by a series of articles concerning, among others, the collections of Davitt Moroney, Robert Spencer, and Richard Bonynge, and second, by a series of portraits of collector-interpreters from the sixteenth century down to the present day including, among others, Adrien Smout, R. F. E. von Schönborn, Camille Saint-Saëns, and Alfred Cortot.
=600  \0$aMoroney, Davitt$912875
=600  \0$aSpencer, Robert$d1932-1997$1http://www.wikidata.org/entity/Q98907712$916373
=600  \0$aBonynge, Richard$d1930-$1http://www.wikidata.org/entity/Q528300$926913
=600  \0$aSmout, Adriaan$1http://www.wikidata.org/entity/Q2588065$922995
=600  \0$aSchönborn-Wiesentheid, Rudolf Franz Erwein von$d1677-1754$1http://www.wikidata.org/entity/Q14912555$910375
=600  \0$aSaint-Saëns, Camille$d1835-1921$1http://www.wikidata.org/entity/Q150445$97644
=600  \0$aCortot, Alfred$d1877-1962$1http://www.wikidata.org/entity/Q116057$95836
=610  \0$aJuilliard School, New York$1https://www.wikidata.org/w/index.php?title=Q503246&oldid=2279184334$939338
=650  \0$aCollecting$1http://www.wikidata.org/entity/Q208165$92117
=650  \0$aLibrary$1http://www.wikidata.org/entity/Q7075$94229
=650  \0$aMusical interpretation$1http://www.wikidata.org/entity/Q1668139$94533
=700  \\$4edt$aHerlin, Denis$924147
=700  \\$4edt$aMassip, Catherine$919701
=700  \\$4edt$aDuron, Jean$920615
=942  \\$cBOO
=952  \\$00$10$2ddc$40$6BIB_3_000000000000000_HERL$70$8BIB$912728$aORPH$bORPH$cKTS0$d2020-07-08$eKoopman$i44G29$l0$oBIB3 HERL$p20126847$r2021-01-12 00:00:00$w2021-01-12$yBOO$OKoopman
=999  \\$d12746

