=LDR  01005aam a2200229   4500
=001  12747
=005  20251003085459.0
=008  240208s1986\\\\|||a||||\c|||\00|\0\ger\d
=020  \\$a3254001281
=041  \\$ager
=100  \\$aTschupp, Räto$4edt$924904
=245  \\$aFitzwilliam: A Cambridge Collection of Music$bAusstellung im Helmhaus Zürich vom 28. Mai bis 10. August 1986
=260  \\$aZürich$bAtlantis Musikbuch-Verlag$c1986
=300  \\$a92 pages
=561  \\$aEx libris Gustav Leonhardt
=610  \0$aFitzwilliam Museum (Cambridge, United Kingdom)$1http://www.wikidata.org/entity/Q1421440$91388
=650  \0$aCatalogue$1http://www.wikidata.org/entity/Q2352616$921484
=650  \0$aExhibition$1http://www.wikidata.org/entity/Q464980$925353
=700  \\$aBirkner, Günter$4edt$941174
=942  \\$cBOO
=952  \\$00$10$2ddc$40$6BIB_4_000000000000000_GB_CAM$70$8BIB$912729$aORPH$bORPH$cKTS0$d2020-07-08$eKoopman$i45A12$l0$oBIB4 GB.CAM$p20127437$r2021-01-12 00:00:00$w2021-01-12$yBOO$OKoopman
=999  \\$d12747

