=LDR  01392cam a2200277 a 4500
=001  12748
=005  20250906121749.0
=008  110128s2010\\\\gw\ag\\\\b\\\\101\0\ger\d
=040  \\$aOI
=041  \\$ager
=245  00$aJohann Mattheson als Vermittler und Initiator.$bWissenstransfer und die Etablierung neuer Diskurse in der ersten Hälfte des 18. Jahrhunderts
=260  \\$aHildesheim$aNew York$bOlms$c2010
=300  \\$a514 p. :$bill., music ;$c25 cm.
=500  \\$aConference held March 25-28, 2009 at the Staats- und Universitätsbibliothek Hamburg Carl von Ossietzky.
=504  \\$aIncludes bibliographical references and index.
=600  \0$aMattheson, Johann$d1681-1764$1http://www.wikidata.org/entity/Q170333$95222
=648  \0$a18th Century (1701-1800)$1http://www.wikidata.org/entity/Q7015$920899
=650  \0$aMusic history$1http://www.wikidata.org/entity/Q846047$921373
=650  \0$aCultural history$1http://www.wikidata.org/entity/Q858517$922395
=650  \0$aScience$1http://www.wikidata.org/entity/Q7991$921650
=651  \0$aGermany$1http://www.wikidata.org/entity/Q183$9155
=700  \\$aHirschmann, Wolfgang$4edt$911592
=700  \\$aJahn, Bernhard$d1962-$4edt$912660
=942  \\$cBOO
=952  \\$00$10$2ddc$40$6BIO_MATT_E$70$8BIO$912730$aORPH$bORPH$cKTS1_P$d2020-07-08$eKoopman$i45A18-1$l0$oBIO MATT e$p20127431$r2021-01-12 00:00:00$w2021-01-12$yBOO$OKoopman
=999  \\$d12748

