=LDR  01482cam a22003374a 4500
=001  12750
=005  20251008111908.0
=008  050318s2004\\\\gw\\\\\\\c\\\\001\0\ger\c
=010  \\$a  2005419725
=020  \\$a379521162X
=020  \\$a9783795211622
=040  \\$aOI
=041  \\$ager
=245  10$aRegesten der Esterházyschen Acta musicalia und Acta theatralia in Budapest
=260  \\$aTutzing$bSchneider$c2004
=300  \\$a306 pages$c25 cm
=490  \\$aEisenstädter Haydn-Berichte$v4
=504  \\$aIncludes bibliographical references and index.
=600  \0$aHaydn, Joseph$d1732-1809$1http://www.wikidata.org/entity/Q7349$94783
=610  \0$aEszterházy Palace (Esterháza, Hungary)$1http://www.wikidata.org/entity/Q925864$922422
=648  \0$a18th Century (1701-1800)$1http://www.wikidata.org/entity/Q7015$920899
=650  \0$aLibrary$1http://www.wikidata.org/entity/Q7075$94229
=650  \0$aNobility$1http://www.wikidata.org/entity/Q134737$93602
=650  \0$aCourt$1http://www.wikidata.org/entity/Q1134237$922191
=650  \0$aTheater$1http://www.wikidata.org/entity/Q24354$92225
=651  \0$aBudapest (Hungary)$1http://www.wikidata.org/entity/Q1781$924367
=700  \\$aPratl, Josef$915123$4aut
=700  \\$aScheck, Heribert$915125$4aut
=942  \\$cBOO
=952  \\$00$10$2ddc$40$6BIB_4_000000000000000_HU_BUD$70$8BIB$912732$aORPH$bORPH$cKTS0$d2020-07-08$eKoopman$i45A24$l0$oBIB4 HU.BUD$p20127424$r2021-01-12 00:00:00$w2021-01-12$yBOO$OKoopman
=999  \\$d12750

