=LDR  02296cam a2200289 a 4500
=001  12751
=008  111223s2008\\\\gw\ag\\\\b\\\\100\0\ger\\
=024  3\$a9783873975996
=041  \\$ager
=111  \\$aTage Alter Musik in Herne$n(33rd :$d2008)$94736
=245  10$aFlöte, Oboe, Klarinette und Fagott.$bHolzblasinstrumente bis zum Ende des 18. Jahrhunderts
=260  \\$aMünchen $bKatzbichler$c2011
=300  \\$a194 pages$bill., music $c24 cm
=336  \\$aprinted
=504  \\$aIncludes bibliographical references.
=505  \\$g- Untersuchungen an Holzblasinstrumenten : Technik und Resultate / Jan Bouterse
- Die "Bäuerische Schmallmey" / Kurt Birsak
- Die Hautbois d'amour : quellen zu ihrer Frühgeschichte und akustische Untersuchungen / Christian Ahrens und Sebastian Schmidt
- Hoch gestimmte Fagotte (Tenorfagotte) in der Musik vom späten 16. bis zum späten 18. Jahrhundert / Klaus Hubmann
- Die Verwendung der Holzblasinstrumente in Werken Hamburger Opernkomponisten der Barockzeit / Steffen Voss
- Ausgewählte Probleme bei der Verwendung von Holzblasinstrumenten im Werk Johann Sebastian Bachs / Ulrich Prinz
- Die Verwendung von Holzblasinstrumenten in den Kirchenkantaten von Johann Theodor Roemhildt / Klaus Langrock
- Die Flöte : Mozarts ungeliebtes Instrument? / Klaus Aringer
- "gar nicht übel" (Mozart) : ensembles aus 2 Klarinetten, 2 Hörnern und 1 bis 2 Fagotten : Entstehung, Tradition und Musik / Achim Hofer
- Mozarts Streichquintett Es-Dur KV 614 in der Bearbeitung für 2 Klarinetten, 2 Hörner und 2 Fagotte von Johann Christian Stumpff (1797) / Peter Heckl

=648  \0$a18th Century (1701-1800)$1http://www.wikidata.org/entity/Q7015$920899
=650  \0$aWoodwind instrument$1http://www.wikidata.org/entity/Q181247$94119
=650  \0$aFlute$1http://www.wikidata.org/entity/Q11405$921276
=650  \0$aBassoon$1http://www.wikidata.org/entity/Q159998$921877
=650  \0$aMusic history$1http://www.wikidata.org/entity/Q846047$921373
=700  \\$aAhrens, Christian$d1943-$4edt$99058
=700  \\$aKlinke, Gregor$99060$4edt
=710  \\$aHerne (Arnsberg, Germany)$91191
=942  \\$cBOO
=952  \\$00$10$2ddc$40$6INS_6D_AHRE$70$8INS$912733$aORPH$bORPH$cKTS0$d2020-07-08$eKoopman$i45A30$oINS6d AHRE$p20127418$r2021-01-12 00:00:00$w2021-01-12$yBOO
=999  \\$d12751

