=LDR  01262cam a2200301 a 4500
=001  12752
=005  20250120115959.0
=008  111014s2011\\\\gw\a\\\\\bc\\\000\0\ger\d
=010  \\$a  2011485867
=016  7\$a1013726243$2DE-101
=020  \\$a9783896884428 (pbk.)
=020  \\$a3896884425 (pbk.)
=035  \\$a(OCoLC)ocn753625541
=035  \\$a(OCoLC)753625541
=040  \\$aOHX$cOHX$dTEF$dDLC
=042  \\$alccopycat
=072  \7$aML$2lcco
=245  00$aSammeln - Komponieren - Bearbeiten :$bder römische Abbate Fortunato Santini im Spiegel seines Schaffens /$cPeter Schmitz / Andrea Ammendola (Hg.).
=260  \\$aMünster :$bAgenda,$c2011.
=300  \\$a125 p. :$b41 col. ill., tab. ;$c25 cm.
=504  \\$aIncludes bibliographical references and register.
=600  \0$aSantini, Fortunato$d1778-1861$1http://www.wikidata.org/entity/Q1439095$915126
=700  \\$aSchmitz, Peter,$d-1979$915127
=700  \\$aAmmendola, Andrea,$d-1979$915128
=710  \\$aDiözesanbibliothek Münster (Germany)$1http://www.wikidata.org/entity/Q1231884$91757
=942  \\$cBOO
=952  \\$00$10$2ddc$40$6BIO_SANT1_E$70$8BIO$912734$aORPH$bORPH$cKTS1_P$d2020-07-08$eKoopman$i45C01$l0$oBIO SANT1 e$p20127363$r2021-01-12 00:00:00$w2021-01-12$yBOO$OKoopman
=999  \\$c12752$d12752

