=LDR  01346cam a2200253 a 4500
=001  12756
=008  990811s1998\\\\\\\ag\\\\b\\\\101\0\ger\d
=041  \\$ager
=245  00$aAneignung durch Verwandlung. $bAufsätze zur deutschen Musik und Architektur des 16. und 17. Jahrhunderts
=260  \\$aLaaber $bLaaber-Verlag$c1998
=300  \\$a254 pages
=490  \\$aDresdner Studien zur Musikwissenschaft. Schriftenreihe der Hochschule für Musik "Carl Maria von Weber" Dresden$vBand 1
=500  \\$aConference lectures "Heimische Kunst aus Kunstimport in der Deutschen Musik des 16. und 17. Jahrhunderts", Dresden 1992.
=504  \\$aIncludes bibliographical references and index.
=648  \0$a17th Century (1601-1700)$1http://www.wikidata.org/entity/Q7016$920923
=648  \0$a16th Century (1501-1600)$1http://www.wikidata.org/entity/Q7017$920944
=650  \0$aMusic$94291
=650  \0$aArchitecture$1http://www.wikidata.org/entity/Q12271$93185
=650  \0$aMusic history$1http://www.wikidata.org/entity/Q846047$921373
=651  \0$aGermany$1http://www.wikidata.org/entity/Q183$9155
=700  \\$aSteude, Wolfram$d1931-2006$914229$4edt
=942  \\$cBOO
=952  \\$00$10$2ddc$40$6TOP_DE_4_000000000000000$70$8TOP$912738$aORPH$bORPH$cKTS0$d2020-07-08$eKoopman$i45C09$l0$oTOP DE 4$p20127355$r2021-01-12 00:00:00$w2021-01-12$yBOO$OKoopman
=999  \\$d12756

