=LDR  01475aam a2200253   4500
=001  12758
=008  221121s2007\\\\||||||||\||||\10|\0bger\d
=020  \\$a9783795212483
=041  \\$ager
=245  \\$aAbt Gallus Zeiler OSB (1705-1755) und die Musikpflege im Kloster St. Mang in Füssen
=260  \\$aTutzing$bSchneider$c2007
=490  \\$aVeröffentlichungen der Gesellschaft für Bayerische Musikgeschichte
=590  \\$aBericht über das interdisziplinäre Symposium anlässlich des 300. Geburtstages von Gallus Zeiler, veranstaltet von der Gesellschaft Klostermusik in Schwaben und der Gesellschaft für Bayerische Musikgeschichte, Füssen 29. April-1. Mai 2005
=600  \0$aZeiler, Gallus$d1705-1755$1http://www.wikidata.org/entity/Q1492609$925335
=610  \0$aBenedictines$1http://www.wikidata.org/entity/Q131132$921364
=648  \0$a18th Century (1701-1800)$1http://www.wikidata.org/entity/Q7015$920899
=650  \0$aComposer$1http://www.wikidata.org/entity/Q36834$93625
=650  \0$aMonastery$1http://www.wikidata.org/entity/Q44613$926216
=651  \0$aFüssen (Germany)$1http://www.wikidata.org/entity/Q183$926423
=700  \\$4edt$aHörner, Stephan$914800
=700  \\$4edt$aRiedel, Friedrich Wilhelm$d1929-2020$1http://www.wikidata.org/entity/Q85423107$910668
=942  \\$cBOO
=952  \\$00$10$2ddc$40$6BIO_ZEIL_E$70$8BIO$912740$aORPH$bORPH$cKTS1_P$d2020-07-08$eKoopman$i45C20$l0$oBIO ZEIL e$p20127344$r2021-01-12 00:00:00$w2021-01-12$yBOO$OKoopman
=999  \\$d12758

