=LDR  00378    a2200109   4500
=001  12762
=020  \\$a3761810334
=245  \\$aBericht über den Internationalen vol. 2
=260  \\$c1992
=942  \\$cBOO
=952  \\$00$10$2ddc$40$6BIO_MOZA1_E$70$8BIO$912744$aORPH$bORPH$cKTS1_P$d2020-07-08$eKoopman$i45C32-2$l0$oBIO MOZA1 e$p20127330$r2021-01-12 00:00:00$w2021-01-12$yBOO$OKoopman
=999  \\$c12762$d12762

