=LDR  01391aam a2200229   4500
=001  12763
=008  230621s1922\\\\|||a||||\||||\00|\0\ger\d
=041  \\$ager
=110  \\$4edt$aHändel-Festspiele (Halle an der Saale, Germany)$91526
=245  \\$aHallisches Händelfest 1922.$bFestschrift
=260  \\$c1922
=505  \\$gÜber Händels Judas Makkabeus (1774) / Joh. Friedrich Reichardt -- Geleitwort / Hermann Abert -- Händels "Susanna" / Arnold Schering -- Zu Händels Oper "Orlando furioso" / Hans Joachim Moser -- Das Religiöse bei Händel / Karl Balthasar -- Halles Anteil an der deutschen Händelpflege / Bernhard Weisenborn
=600  \0$1http://www.wikidata.org/entity/Q7302$aHandel, George Frideric$d1685-1759$94765
=648  \0$1http://www.wikidata.org/entity/Q7015$a18th Century (1701-1800)$920899
=650  \0$1http://www.wikidata.org/entity/Q17590416$aFestival book$922319
=650  \0$1http://www.wikidata.org/entity/Q36834$aComposer$93625
=650  \0$1http://www.wikidata.org/entity/Q1344 $aOpera$92468
=650  \0$1http://www.wikidata.org/entity/Q85477$aOratorio$91825
=651  \0$1http://www.wikidata.org/entity/Q2814$aHalle (Saale, Germany)$921799
=942  \\$cBOO
=952  \\$00$10$2ddc$40$6KTS_1_000000000000000_C2_20_08B27$70$8RAR$912745$aORPH$bORPH$cKTS1_C2$d2020-07-08$eKoopman$l0$oKTS1 C2.20 08B27$p20127328$r2021-01-12 00:00:00$w2021-01-12$yBOO$OKoopman
=999  \\$d12763

