=LDR  02272cam a2200349 i 4500
=001  12764
=005  20250925143300.0
=008  141128t20152015ne\a\\\\\bq\\\000\0cdut\d
=010  \\$a  2016383749
=020  \\$a9789089647825$q(paperback)
=020  \\$a9089647821$q(paperback)
=040  \\$aOI
=041  \\$adut
=245  00$aVervolgde componisten in Nederland:$bverboden muziek in de Tweede Wereldoorlog
=260  \\$aAmsterdam$bAmsterdam University Press$c2015
=300  \\$a313 pages$billustrations$c21 cm
=504  \\$aIncludes bibliographical references (pages 295-301).
=504  \\$aDiscography: pages 303-308.
=520  8\$aIn de Tweede Wereldoorlog zijn de carrières van veel componisten geknakt. Een groot aantal van hen moest vluchten of dook onder, velen werden vermoord. Alleen al in Nederland zijn ten minste dertig componisten vervolgd en veelal vergeten. Onder hen waren joodse componisten als Leo Smit, Rosy Wertheim, Dick Kattenburg en Daniël Belinfante. Maar ook naar Nederland gevluchte componisten als Hans Lachman, Franz Weisz, en componisten die vanwege hun verzetsactiviteiten moesten onderduiken of gevangen werden gezet, onder wie Jan van Gilse en Marius Flothuis. Wat werd er in Nederland in het Interbellum gecomponeerd? Welke schade heeft de oorlog aangericht? Alders en Pameijer schreven een boek vol ontroerende en spannende levensverhalen, over muziek die gehoord moet worden.
=610  \0$1http://www.wikidata.org/entity/Q7325$aJews$924173
=648  \0$1http://www.wikidata.org/entity/Q6927$a20th Century (1901-2000)$920936
=650  \0$aComposer$1http://www.wikidata.org/entity/Q36834$93625
=650  \0$aPersecution$1http://www.wikidata.org/entity/Q851824$93065
=650  \0$aWorld War II (1939-1945)$1http://www.wikidata.org/entity/Q362$93004
=650  \0$aMusic history$1http://www.wikidata.org/entity/Q846047$921373
=651  \0$aNetherlands$1http://www.wikidata.org/entity/Q55$9173
=700  \\$aBrokken, Jan$4win$915129
=700  \\$aAlders, Carine$915130$4edt
=700  \\$aPameijer, Leonore$915131$4edt
=942  \\$cBOO
=952  \\$00$10$2ddc$40$6TOP_NL_7_000000000000000$70$8TOP$912746$aORPH$bORPH$cKTS0$d2020-07-08$eKoopman$i45D13$l0$oTOP NL 7$p20127317$r2021-01-12 00:00:00$w2021-01-12$yBOO$OKoopman
=999  \\$d12764

