=LDR  01208nam a2200289 a 4500
=001  12765
=005  20250121142129.0
=008  940616s1994\\\\it\a\\\\\b\\\\100\0\ita\\
=020  \\$a8815043098
=040  \\$aOI
=041  \\$aita
=245  00$aTartini:$bil tempo e le opere
=260  \\$aBologna$bIl Mulino$c1994
=300  \\$a462 pages$billustrations$c21 cm
=490  0\$aTemi e discussioni
=500  \\$aProceedings of an international conference held at the Università di Padova, Oct. 15-18, 1992.
=504  \\$aIncludes bibliographical references.
=600  \0$aTartini, Giuseppe$d1692-1770$1http://www.wikidata.org/entity/Q108555$95536
=648  \0$a18th Century (1701-1800)$1http://www.wikidata.org/entity/Q7015$920899
=650  \0$aComposer$1http://www.wikidata.org/entity/Q36834$93625
=650  \0$aViolinist$1http://www.wikidata.org/entity/Q1259917$93278
=651  \0$aItaly$1http://www.wikidata.org/entity/Q38$922
=700  \\$aBombi, Andrea$4edt$924520
=700  \\$aMassaro, Maria Nevilla$4edt$910639
=942  \\$cBOO
=952  \\$00$10$2ddc$40$6BIO_TART_E$70$8BIO$912747$aORPH$bORPH$cKTS1_P$d2020-07-08$eKoopman$i45D20$oBIO TART e$p20127310$r2021-01-12 00:00:00$w2021-01-12$yBOO
=999  \\$d12765

