=LDR  00670    a2200157   4500
=001  12766
=008  210330b\\\\\\\\\\\|||||\||||\01|\0dger\d
=041  \\$ager$aeng$afre$aita
=100  \\$aFellerer, Karl Gustav$d1902-1984$4dte$1http://www.wikidata.org/entity/Q102481$910833
=245  \\$aFestschrift Karl Gustav Fellerer zum sechzigsten Geburtstag am 7. Juli 1962
=260  \\$aRegensburg$bBosse$c1962
=300  \\$a593 pages
=700  \\$4edt$aHüschen, Heinrich$d1915-1993$915034
=942  \\$cBOO
=952  \\$00$10$2ddc$40$6REF_4_000000000000000_FELL$70$8REF$912748$aORPH$bORPH$cKM12_1$d2020-07-08$eKoopman$i45D44$oREF4 FELL$p20127285$r2021-01-12 00:00:00$w2021-01-12$yBOO
=999  \\$d12766

