=LDR  01201aam a2200241   4500
=001  12767
=005  20250926135309.0
=008  230524s1988\\\\|||g||||\||||\00|\0\ger\d
=041  \\$ager
=100  \\$1http://www.wikidata.org/entity/Q18625182$4edt$aMarx, Hans Joachim$d1935-$912635
=245  \\$aDer Hamburger Bach und die neue Musik des 18. Jahrhunderts:$bProgrammbuch
=260  \\$c1988$aHamburg$bGrömmer
=300  \\$a239 pages
=590  \\$aEine Veranstaltungsreihe anlässlich des 200. Todesjahres von Carl Philipp Emanuel Bach 1714-1788
=600  \0$1http://www.wikidata.org/entity/Q76428$aBach, Carl Philipp Emanuel$d1714-1788$99218
=648  \0$1http://www.wikidata.org/entity/Q7015$a18th Century (1701-1800)$920899
=650  \0$1http://www.wikidata.org/entity/Q36834$aComposer$93625
=650  \0$1http://www.wikidata.org/entity/Q623282$aLegacy$922131
=650  \0$1http://www.wikidata.org/entity/Q846047$aMusic history$921373
=651  \0$1http://www.wikidata.org/entity/Q1055$aHamburg (Germany)$921940
=942  \\$cBOO
=952  \\$00$10$2ddc$40$6BIO_BACH2_D$70$8BIO$912749$aORPH$bORPH$cKTS1_P$d2020-07-08$eKoopman$i45D47$oBIO BACH2 d$p20127282$r2021-01-12 00:00:00$w2021-01-12$yBOO
=999  \\$d12767

