=LDR  01916cam a22002651i 4500
=001  12768
=005  20250926134857.0
=008  780221s1974\\\\gw\ag\\\\b\\\\010\0\mul\\
=020  \\$a3875370821 :$cDM18.00
=040  \\$aOI
=041  0\$ager$aeng
=100  \\$4dte$aSchneider, Michael$d1909-1994$914785
=245  00$aFestschrift für Michael Schneider zum 65. Geburtstag.$cDargebracht von Freunden und Schülern
=260  \\$aBerlin$bMerseburger$c1974
=300  \\$a100 pages$billustrations, music examples$c24 cm
=504  \\$aIncludes bibliographical references.
=505  0\$aKlein, T.  Vom Wesen metamusikalischer Ideen.--Eifrig, W. F.  Post-Quickelberg Music.--Bartsch, H.-J.  Die Verzierungszseichen in der Klaviermusik Johann Sebastian Bachs.--Jeglin, E.  Skizzierte Stellen, Eingänge und Kadenzen in Mozarts Klavierkonzerten.--Zacher, G.  Inadequate interpretation.--Kroeker, D.  Fortners Fantasia aus der "Pfingstgeschichte."--Rössler, A.  Olivier Messiaen und die deutsche Orgel. Hochreither, K.  Olivier Messiaen: La Nativité du Seigneur.--Schwarz, P.  Formstudien an aussereuropäischer Musik.--Blankenburg, W.  Karl Heinrich George Davin und seine "Theoretisch-praktische Organisten-Schule."--Schuke, K.  Die Orgel in der Eosanderkapelle des Charlottenburger Schlosses.
=600  \0$aBach, Johann Sebastian$d1685-1750$1http://www.wikidata.org/entity/Q1339$94766
=600  \0$aMozart, Wolfgang Amadeus$d1756-1791$1http://www.wikidata.org/entity/Q254$95341
=600  \0$aMessiaen, Olivier$d1908-1992$1http://www.wikidata.org/entity/Q151593$95134
=650  \0$aOrgan music$1http://www.wikidata.org/entity/Q2003283$91951
=650  \0$aMusic criticism$1http://www.wikidata.org/entity/Q11748889$921598
=942  \\$cBOO
=952  \\$00$10$2ddc$40$6REF_4_000000000000000_SCHN$70$8REF$912750$aORPH$bORPH$cKM12_1$d2020-07-08$eKoopman$i45E03$oREF4 SCHN$p20127487$r2021-01-12 00:00:00$w2021-01-12$yBOO
=999  \\$d12768

