=LDR  02655cam a2200265 a 4500
=001  12769
=005  20250121142129.0
=008  090220s2009\\\\enka\\\\\b\\\\001\0\eng\\
=020  \\$a9780754657941 (hardcover : alk. paper)
=020  \\$a0754657949 (hardcover : alk. paper)
=040  \\$aOI
=041  \\$aeng
=100  \\$4edt$aTalbot, Michael$d1943-$1http://www.wikidata.org/entity/Q1427144$914335
=245  00$aAspects of the Secular Cantata in late Baroque Italy
=260  \\$aFarnham, Surrey$aBurlington, VT$bAshgate$c2009
=300  \\$axxvi-425 pages$billustrations$c25 cm
=504  \\$aIncludes bibliographical references (p. [371]-391) and indexes.
=505  0\$gThe when and how of arioso in Stradella's cantatas / Carolyn Gianturco -- A lost volume of cantatas and serenatas from the "Original Stradella collection" / Colin Timms -- Narration, mimesis and the question of  genre: dramatic approaches in Giovanni Legrenzi's solo cantatas, Opp. 12 and 14 / Hendrik Schulze -- A tale of two cities: cantata publication in Bologna and Venice, c.1650-1700 / Reinmar Emans -- "Al tavolino medesimo del compositor della musica": notes on text and context in Alessandro Scarlatti's cantate da camera / Norbert Dubowy -- Bononcini's "agreeable and easie style, and those fine inventions in his basses (to which he was led by an instrument upon which he excells) / Lowell Lindgren -- The "humble" and "sublime" genres, the pastoral and heroic styles: rhetorical  metamorphoses in Benedetto Marcello's cantatas / Marco Bizzarini -- Giulia Veneziano investigations into the cantata in Naples during the first half of the eighteenth century: the cantatas by Leonardo Vinci contained in a "Neapolitan' manuscript" / Giulia Veneziano -- The "orchestral" French cantata (1706-1730): performance, edition and classification of a neglected repertory / Graham Sadler -- Patterns and strategies of modulation in cantata recitatives / Michael Talbot -- "Imitando" arietta, ò altro allegro, cantato di fresco": keyboard realization in Italian continuo arias / Giulia Nuti -- The revival of the Italian chamber cantata on disc: models and trends / Roger-Claude Travers
=648  \0$a17th Century (1601-1700)$1http://www.wikidata.org/entity/Q7016$920923
=648  \0$a18th Century (1701-1800)$1http://www.wikidata.org/entity/Q7015$920899
=650  \0$aCantata$1http://www.wikidata.org/entity/Q174873$921603
=651  \0$aItaly$1http://www.wikidata.org/entity/Q38$922
=942  \\$cBOO
=952  \\$00$10$2ddc$40$6TOP_IT_5_000000000000000$70$8TOP$912751$aORPH$bORPH$cKTS0$d2020-07-08$eKoopman$i45E07$l0$oTOP IT 5$p20127483$r2021-01-12 00:00:00$w2021-01-12$yBOO
=999  \\$d12769

