=LDR  02926nam a22004217i 4500
=001  12770
=005  20250121142129.0
=008  890504s1985\\\\it\||||||\\\\|||||\|||||c
=040  \\$bOI
=041  \7$aita
=100  \\$aCagli, Bruno$4edt$910077
=245  03$aLe muse galanti:$bla musica a Roma nel Settecento
=260  \\$aRome$bIstituto della Enciclopedia Italiana$c1985
=300  \\$a187 pages, [7] pages of tables$billustrations$c24 cm
=490  \\$aBiblioteca internazionale di Cultura$v15
=500  \\$aIl volume raccoglie ed integra alcune delle relazioni presentate al Convegno: "Roma e il Teatro nel Settecento", tenuto a Roma nel 1982.
=505  \\$gProduzione musicale e governo pontificio / B. Cagli -- I cantanti a oma nel XVIII secolo / R. Celletti -- L'orecchio del viaggiatore: miti e realta della Roma musicale del Settecento / E. Fubini -- Le cantate romane di Händel / E. T. Harris -- Il dramma musicale a Roma durante la carriera di Alessandro Scarlatti (1660-1725) / L. Lindgren -- I viaggiatori francesi. De Brosses spettatore a Roma / L. Norci Cagiano de Azevedo -- Il mondo del teatro in musica nelle caricature di Pierleone Ghezzi / P. Petrobelli -- Metastasio e i teatri romani / N. Pirrotta -- L'editoria musicale a Roma nel Settecento / G. Rostirolla
=600  \0$aScarlatti, Alessandro$d1660-1725$1http://www.wikidata.org/entity/Q183087$913800
=600  \0$aHandel, George Frideric$d1685-1759$1http://www.wikidata.org/entity/Q7302$94765
=600  \0$aBrosses, Charles de$d1709-1777$1http://www.wikidata.org/entity/$96733
=600  \0$aGhezzi, Pier Leone$d1674-1755$1http://www.wikidata.org/entity/Q429072$913657
=600  \0$aMetastasio, Pietro$d1698-1782$1http://www.wikidata.org/entity/Q29473$96031
=610  \0$aCappella sistina (Vatican, Rome, Italy)$1http://www.wikidata.org/entity/Q2943$923020
=648  \0$a18th Century (1701-1800)$1http://www.wikidata.org/entity/Q7015$920899
=650  \0$aMusic history$1http://www.wikidata.org/entity/Q846047$921373
=650  \0$aCatholicism$1http://www.wikidata.org/entity/Q1841$921631
=650  \0$aSinger$1http://www.wikidata.org/entity/Q177220$93915
=650  \0$aTravel$1http://www.wikidata.org/entity/Q61509$94440
=650  \0$aReception$1http://www.wikidata.org/entity/Q1791660$925021
=650  \0$aCantata$1http://www.wikidata.org/entity/Q174873$921603
=650  \0$aOpera$1http://www.wikidata.org/entity/Q1344 $92468
=650  \0$aSatire$1http://www.wikidata.org/entity/Q128758$921636
=650  \0$aPatronage$1http://www.wikidata.org/entity/Q214092$94245
=650  \0$aMusic printing$1http://www.wikidata.org/entity/Q64416036$94007
=651  \0$aRome (Italy)$1http://www.wikidata.org/entity/Q220$949
=942  \\$cBOO
=952  \\$00$10$2ddc$40$6TOP_IT_ROM_5_000000000000000$70$8TOP$912752$aORPH$bORPH$cKTS0$d2020-07-08$eKoopman$i45E13$l0$oTOP IT.ROM 5$p20127477$r2021-01-12 00:00:00$w2021-01-12$yBOO$OKoopman
=999  \\$d12770

