=LDR  03772cam a22003254a 4500
=001  12771
=005  20250121142129.0
=008  060804s2005\\\\be\ag\\\\b\\\\101\0dfre\c
=020  \\$a2870098863
=040  \\$aOI
=041  0\$afre$aeng$aspa
=245  00$aHenry Desmarest (1661-1741) :$bexils d'un musicien dans l'Europe du grand siècle
=260  \\$aSprimont$bMardaga$c2005
=300  \\$a458 pages$billustrations (some color), music$c24 cm
=490  1\$aCollection Musique-musicologie
=500  \\$aPapers from a conference, 1999, Centre de musique baroque de Versailles.
=504  \\$aIncludes bibliographical references and index.
=505  0\$gLe cadre de l'exil. Henry Desmarest à Bruxelles : aperçu sur la view artistique dans la capitale des anciens Pays-Bas méridionaux au tournant des XVIIe et XVIIIe siècles / Manuel Couvreur -- L'exil d'Henry Desmarest à la cour de Philippe V, premier Bourbon d'Espagne : 1701-1706 / Nicolas Morales -- Desmarest and the Spanish context : musical harmony for a world at war / Louise K. Stein -- Viejos princeles para un joven rey : las artes en la corte de España durante la estancia de Desmarest (1701-1706) / Ángela Aterido Fernández -- La musique à la cour de Lorraine : du retour de Léopold à l'arrivée de Desmarest / René Depoutot -- Charles-Henri de Lorraine, prince de Vaudémont, souverain de Commercy, homme de guerre, diplomate et homme de cour (1649-1723) : portrait d'un "citoyen de l'univers" ami des arts / Hubert Collin -- Les peintres à Nancy et Lunéville au temps d'Henry Desmarest / Gérard Voreaux -- L'entourage littéraire. Madame de Saintonge et ses livrets Didon et Circé / William Brooks -- Les monologues d'Armide dans Renaud de Desmarest : niveau textuel/niveau musical, autonomie ou dépendance? / Ana Stefanovic -- Desmarest et ses contemporains français. Les emprunts de Desmarest à son mâitre Henry Du Mont à partir de l'exemple du Te Deum (version de Paris) / Laurence Decobert -- Un opéra d'inspiration lullyste : Circé de Desmarest / Jérôme de La Gorce -- Quelques observations analytiques sur Didon de Louise Geneviève Gillot de Saintonge et de Henry Desmarest / Herbert Schneider -- Desmarest et Charpentier : deux musiciens des Jésuites à l'opéra / Catherine Cessac -- Italian influence in the Grands motets of Desmarest and Lalande up to 1699 / Lionel Sawkins -- La réception de l'œuvre d'Henry Desmarest. La parcours germanique de l'œuvre lyrique d'Henry Desmarest / Thomas Betzweiser -- Didon et autres tragédies en musique de Desmarest : du tragique à la parodie / Géraldine Geudefroy-Demombynes -- Variations d'un style reçu : les airs de Desmarest publiés dans le Recueil d'airs sérieux et à boire de Ballard (1701-1721) / Greer Garden -- Aspects musicaux de l'œuvre d'Henry Desmarest. La Messe à deux chœurs / Xavier Janot -- Du Te Deum de Lully au Te Deum de Desmarest / Annie Cœurdevey -- Fugue et triple fugue chez Desmarest / Jean Duron
=600  \0$aDesmarets, Henry$d1661-1741$1http://www.wikidata.org/entity/Q1345283$97883
=648  \0$a17th Century (1601-1700)$1http://www.wikidata.org/entity/Q7016$920923
=648  \0$a18th Century (1701-1800)$1http://www.wikidata.org/entity/Q7015$920899
=650  \0$aComposer$1http://www.wikidata.org/entity/Q36834$93625
=650  \0$aBiography$1http://www.wikidata.org/entity/Q36279$91927
=650  \0$aTravel$1http://www.wikidata.org/entity/Q61509$94440
=651  \0$aFrance$1http://www.wikidata.org/entity/Q142$9131
=700  \\$aDuron, Jean$4edt$920615
=700  \\$aFerraton, Yves$4edt$920616
=942  \\$cBOO
=952  \\$00$10$2ddc$40$6BIO_DESM_E$70$8BIO$912753$aORPH$bORPH$cKTS1_P$d2020-07-08$eKoopman$i45E17$oBIO DESM e$p20127473$r2021-01-12 00:00:00$w2021-01-12$yBOO
=999  \\$d12771

