=LDR  04322cam a2200289 i 4500
=001  12775
=005  20251027111252.0
=008  140324s2012\\\\it\ag\\\\\\\\\100\0\ita\d
=041  \\$aita
=110  \\$aInternational Association of Music Libraries$91568
=245  10$aDa Napoli a Napoli:$bmusica e musicologia senza confini. Contributi sul patrimonio musicale italiano presentati alla IAML Annual Conference, Napoli 20-25 luglio 2008
=264  \1$aLucca$bLIM$c2012
=300  \\$axxii, 364 pages :$billustrations, music ;$c24 cm.
=336  \\$atext$2rdacontent
=337  \\$aunmediated$2rdamedia
=338  \\$avolume$2rdacarrier
=490  1\$aStrumenti della ricerca musicale$v18
=505  \\$gLuisa Nardini / I manoscritti musicali della Biblioteca Nazionale di Napoli. Il caso dell’Innario VI G 29 -- Marco Gozzi / Due progetti nazionali online: ‘Codici musicali trentini del Quattrocento’ e ‘RAPHAEL’ -- Jeffrey Kurtzman / Musiche per l’Ufficio nelle edizioni italiane a stampa (1542-1735) -- Thomas F. Heck / Esperienze di co-edizioni web alla Biblioteca Nazionale di Napoli: il trattato Dell’arte rappresentativa di Andrea Perrucci del 1699 -- Francesco Cotticelli / Postilla alle edizioni perrucciane -- Domenico Carboni / Un progetto di digitalizzazione della Biblioteca del Conservatorio ‘S. Cecilia’ di Roma. I libretti d’opera dei teatri romani (XVII-XIX sec.) in DVD --
 Carmela Bongiovanni / Testi per musica nelle biblioteche genovesi (XVIII-XIX sec.). Nuove acquisizioni -- Maria N. Shcherbakova / Grandi europei a San Pietroburgo nella seconda metà del Settecento: Galuppi, Traetta, Paisiello, Sarti, Cimarosa, Martín y Soler -- Guido Olivieri / I manoscritti di musica italiana dello Harry Ransom Center di Austin 	Download
Thomas M. Cimarusti 	Paisiello, Talleyrand e un’opera ritrovata: «Le astuzie amorose» 	Download
Takashi Yamada 	La versione napoletana de «Il matrimonio segreto» (Napoli, 1793): una partitura ritrovata all’Università di musica Kunitachi di Tokio. Con annotazioni sulle condizioni di esecuzione attraverso i mandati di pagamento dell’Arch. Storico del Banco di Napoli 	Download
Mauro Amato – Tiziana Grande 	Interventi di riqualificazione della biblioteca del Conservatorio ‘San Pietro a Majella’ di Napoli 	Download
Enza Ciullo 	Il Fondo Giuseppe Donizetti nella Biblioteca del Conservatorio ‘San Pietro a Majella’ di Napoli 	Download
Antonio Caroccia 	Storie di biblioteche e di bibliotecari: il carteggio Florimo-Gaspari 	Download
Chiara Pancino 	Il fondo musicale Correr nella Biblioteca del Conservatorio di Venezia: un progetto di riordino 	Download
Marta Mancini 	La Biblioteca del Conservatorio statale di musica ‘G. Rossini’ di Pesaro 	Download
Pierluigi Petrobelli 	La Biblioteca dell’Istituto Nazionale di Studi Verdiani 	Download
Sabina Benelli 	I materiali operativi degli archivi teatrali: come coniugare conservazione e funzionalità? 	Download
Monica Boni 	Insoliti luoghi per l’ascolto 	Download
Roger Flury 	Toscanini compositore 	Download
Pinuccia Carrer 	Leggendo Rilm-Italia: linee di tendenza nel repertorio bibliografico 	Download
Daniela Macchione 	OperaCat: l’opera in vendita. Con inediti rossiniani 	Download
Pinuccia Carrer 	Un repertorio di nomi femminili nel Fondo Noseda della Biblioteca del Conservatorio ‘G. Verdi’ di Milano 	Download
Carlo Marinelli 	ODE – Opera Discography Encyclopaedia 	Download
Guido Maria Marinelli 	Lo sviluppo di ODE-Opera Discography Encyclopaedia come applicazione web 	Download
Anita Pesce 	Produzione Locale / Distribuzione Globale. La prima industria discografica napoletana come mezzo di trasmissione culturale 	Download
George Brock-Nannestad 	La prima industria discografica napoletana: un’appendice tecnica
=650  \0$aMusic history$1http://www.wikidata.org/entity/Q846047$921373
=650  \0$aMusicology$1http://www.wikidata.org/entity/Q164204$93925
=651  \0$aNaples (Italy)$1http://www.wikidata.org/entity/Q2634$921
=700  \\$aAmato, Mauro$4edt$915134
=700  \\$aCorsi, Cesare$4edt$915135
=700  \\$aGrande, Tiziana$4edt$915136
=942  \\$cBOO
=952  \\$00$10$2ddc$40$6TOP_IT_NAP_0_000000000000000$70$8TOP$912757$aORPH$bORPH$cKTS0$d2020-07-08$eKoopman$i45E28$oTOP IT.NAP 0$p20127463$r2021-01-12 00:00:00$w2021-01-12$yBOO
=999  \\$d12775

