=LDR  03626aam a2200433   4500
=001  12776
=008  210330s1968\\\\\\\hg|||\||||\01|\0\eng\d
=041  \\$aeng$ager
=100  \\$aApel, Willi$d1893-1988$4dte$1http://www.wikidata.org/entity/Q215916$99146
=245  \\$aEssays in Musicology:$bA Birthday Offering for Willi Apel
=260  \\$aBloomington, IN$bIndiana University, School of Music $c1968
=300  \\$av-191 pages$bfacsimiles, music$c25 cm
=505  \\$aSome reflections on the notations of Vedic chant / W. Kaufmann -- Zur Melodik der Officiums-Psalmen im 19. Jahrhundert / K. G. Fellerer -- Codex 697 of the Biblioteca del Seminario Vescovile in Padua / G. S. McPeek -- The musical notation and rhythm of the Italian Laude / H. Anglès -- Elmuahym et elmuarifa / J. Chailley -- Notes on the harmonic technique of Guillaume de Machaut, by G. Reaney -- Eine Spielanweisung für Tasteninstrumente aus dem 15. Jahrhundert / T. Göllner -- Original compositions and arrangements in the Lublin keyboard tablature / J. R. White -- Two lute intabulations of Wert's Cara la vita / C. MacClintock -- Contrafacta and polyglot texts in the early English anthem / R. T. Daniel -- On stylistic unity in renaissance-baroque distinctions / A. Salop -- The Cantiones natalitiæ / F. Noske -- Instruments in the missions of New Mexico / L. B. Spiess -- What is tonus in polyphonic music? / K. Speer -- Ein Skizzenbuch von Alesandro Pogletti / F. W. Riedel -- Mme de Sévigné and the operas of Lully / L. Hibberd -- Beethoven's rhythm & some observations and problems / H. M. Miller -- Remarks on Hindemith's contrapuntal technique / H. Tischler -- Willi Apel: a complete bibliography, by C. G. Rayner
=600  \0$aMachaut, Guillaume de$dc. 1300-1377$1http://www.wikidata.org/entity/Q200580$917669
=600  \0$aWert, Giaches de$d1535-1596$1http://www.wikidata.org/entity/Q591939$915457
=600  \0$aMadame de Sévigné$d1626-1696$1http://www.wikidata.org/entity/Q237103$910615
=600  \0$aPoglietti, Alessandro$d?-1683$1http://www.wikidata.org/entity/Q671043$922013
=600  \0$aLully, Jean-Baptiste$d1632-1687$1http://www.wikidata.org/entity/Q1192$95867
=600  \0$aBeethoven, Ludwig van$d1770-1827$1http://www.wikidata.org/entity/Q255$95335
=600  \0$aHindemith, Paul$d1895-1963$916922
=600  \0$aApel, Willi$d1893-1988$1http://www.wikidata.org/entity/Q215916$99146
=648  \0$aPast$1http://www.wikidata.org/entity/Q192630$922196
=650  \0$aNotation$1http://www.wikidata.org/entity/Q233861$91964
=650  \0$aKeyboard instrument$1http://www.wikidata.org/entity/Q52954$92849
=650  \0$aLute$1http://www.wikidata.org/entity/Q180733$93944
=650  \0$aTablature$1http://www.wikidata.org/entity/Q143217$93722
=650  \0$aContrafactum$1http://www.wikidata.org/entity/Q1783270$922210
=650  \0$aBaroque$1http://www.wikidata.org/entity/Q37853$921255
=650  \0$aMusical style$1http://www.wikidata.org/entity/Q11921029$92421
=650  \0$aOrganology$1http://www.wikidata.org/entity/Q899293$921400
=650  \0$aOpera$1http://www.wikidata.org/entity/Q1344$92468
=650  \0$aRhythm$1http://www.wikidata.org/entity/Q170406$92724
=650  \0$aCounterpoint$1http://www.wikidata.org/entity/Q186393$921487
=651  \0$aUnited Kingdom$1http://www.wikidata.org/entity/Q21$9273
=651  \0$aUSA$1http://www.wikidata.org/entity/Q30$943
=700  \\$4edt$aTischler, Hans$916471
=942  \\$cBOO
=952  \\$00$10$2ddc$40$6REF_4_000000000000000_APEL$70$8REF$912758$aORPH$bORPH$cKM12_1$d2020-07-08$eKoopman$i45E32$oREF4  APEL$p20127459$r2021-01-12 00:00:00$w2021-01-12$yBOO
=999  \\$d12776

