=LDR  03711cam a2200301 i 4500
=001  12780
=008  130102s2012\\\\be\agh\\\b\\\\001\0\fre\d
=041  \\$afre
=245  04$aLes Fées des forêts de Saint-Germain, 1625 :$bun ballet royal de "bouffonesque humeur"
=264  \1$aTurnhout$bBrepols$aTours$bCentre d'études supérieures de la Renaissance$aVersailles$bCMBV$c2012
=300  \\$a425 pages$billustrations (chiefly color), facsimiles, music$c29 cm
=490  1\$aCollection "Epitome musical"
=500  \\$aCollaboration of A.Boesset (music), Montmorency de Belleville (choreography) Henri de Savoie Duc de Nemours (dramaturgy)
=504  \\$aIncludes bibliographical references and index.
=505  0\$aI, Le contexte socio-politique. Les ballets dans l'imaginaire politique de la cour de Louis XIII dans les années 1620 / Jean-Marie Constant. Genèse d'une imagerie politique au début de la guerre de Trente ans : le Ballet des Fées de forêts de Saint-Germain et le stéréotype de l'Espagnol / Jean-François Dubost et Marylous Hguyen Hoang Phong -- II, L'atelier des scénographes. L'album Rabel du Musée du Louvre : un recueil de dessins de constumes de ballets burlesques / Estelle Moulineau. Annexe I, L'album Rabel du Musée du Louvre. Annexe II, Restitution de l'ordre des dessins de l'album Rabel. Horace Morel, un artificier de l'artifice à Paris sous Louis XIII / Marc Bayard -- III, L'"appareil" du ballet et sa symbolique. "Ou le Theatre pris pour coeleste Theatre" : scénographie et séance d' "obligeante humeur" dans la grade salle du Louvre / Anne Surgers. Des dessins de costumes "grottesques" pour de grotesques costumes sans desseins? / Vincent Dorothée -- IV, Danse, poésie et musique. Chorea, Jocus, Ludus : de la danse comme "double jeu" dans le Ballet des Fées des forêts de Saint-Germain. annexe I, Rôles tenus par les seigneurs de la cour dans le Ballet des Fées des forêts de Saint-Germain. Annexe II, Maîtres à danser travaillant dans les Maisons royales. René Bordier, poète du Ballet des Fées des forêts de Saint-Germain : un artisan du vers "classique" au service de la musique 'baroque" / Emmanuel Bury. La musique dans le Ballet des Fées des forêts de Saint-Germain : quelques jalons pour une restitution? / Thomas Leconte. Annexe. État de la Musique de la Chambre du roi e des Vingt-quatre Violons en 1625 -- V, Documents. Dessins de costumes de Daniel Rabel pour le Ballet des Fées des forêts de Saint-Germain, 1625 ; Rôle des paiements extraordinaire de l'Argenterie du roi pour l'année 1625 ; Glossaire des termes vestimentaires, scénographiques et chromatiques ; Le Ballet des Fées des forêts de Saint-Germain : proposition de restitution musicale et poétique.
=600  \0$aLouis XIII$cKing of France$d1601-1643$1http://www.wikidata.org/entity/Q737533$915138
=600  \0$aBoësset, Antoine$d1585?-1643$1http://www.wikidata.org/entity/Q279121$922418
=648  \0$a17th Century (1601-1700)$1http://www.wikidata.org/entity/Q7016$920923
=650  \0$aBallet de cour$1http://www.wikidata.org/entity/Q41425$939911
=650  \0$aAllegory$1http://www.wikidata.org/entity/Q18535$93718
=650  \0$aMusic theater$1http://www.wikidata.org/entity/Q96394452$92065
=650  \0$aCourt$1http://www.wikidata.org/entity/Q1134237$922191
=651  \0$aParis (France)$1http://www.wikidata.org/entity/Q90$9160
=700  \\$aLeconte, Thomas$4edt$915139
=700  \2$aRabel, Daniel$dc. 1578-1637$4ill$1http://www.wikidata.org/entity/Q3014582$915140
=942  \\$cBOO
=952  \\$00$10$2ddc$40$6TOP_FR_5_000000000000000$70$8TOP$912762$aORPH$bORPH$cKTS0$d2020-07-08$eKoopman$i45F29$oTOP FR 5$p20127495$r2021-01-12 00:00:00$w2021-01-12$yBOO
=999  \\$d12780

