=LDR  01414cam a2200325 i 4500
=001  12782
=005  20250121142129.0
=008  130502s2013\\\\ctua\\\\\b\\\\001\0\eng\\
=020  \\$a9780300162462 (cloth : alk. paper)
=040  \\$aOI
=041  \\$aeng
=245  04$aThe Great Mirror of Folly:$bFinance, Culture, and the Crash of 1720
=264  \1$aNew Haven, CT$bYale University Press$c2013
=300  \\$axiv-346 pages$billustrations, color$c31 cm
=490  0\$aYale Series in Economic and Financial History
=504  \\$aIncludes bibliographical references and index.
=648  \0$a18th Century (1701-1800)$1http://www.wikidata.org/entity/Q7015$920899
=650  \0$aHistory$1http://www.wikidata.org/entity/Q309$921403
=650  \0$aEconomy$1http://www.wikidata.org/entity/Q159810$921625
=651  \0$aNetherlands$1http://www.wikidata.org/entity/Q55$9173
=651  \0$aUnited Kingdom$1http://www.wikidata.org/entity/Q21$9273
=651  \0$aFrance$1http://www.wikidata.org/entity/Q142$9131
=700  \\$aGoetzmann, William N.$4edt$915141
=700  \\$aLabio, Catherine$4edt$923382
=700  \\$aRouwenhorst, K. Geert$4edt$923383
=700  \\$aYoung, TImothy G.$4edt$923384
=700  \\$aShiller, Robert J.$4win$923385
=942  \\$cBOO
=952  \\$00$10$2ddc$40$6HUM_GOET$70$8HUM$912764$aORPH$bORPH$cKM12_1$d2020-07-08$eKoopman$i45F31$oHUM GOET$p20127493$r2021-01-12 00:00:00$w2021-01-12$yBOO
=999  \\$d12782

