=LDR  01706    a2200229   4500
=001  12783
=008  211209b\\\\\\\\||||||||\||||\00|\0\###\d
=020  \\$a9780861591862
=041  \\$aeng
=100  \\$aRobinson, James$4edt$927642
=245  \\$aThe British Museum Citole. New Perspectives
=260  \\$c2015$aLondon$bThe British Museum
=300  \\$a156 pages
=500  \\$aThe British Museum citole is a unique example of medieval craftsmanship and is one of very few instruments from the Middle Ages to have survived. Its long, complex history includes a connection with the court of Elizabeth I and its conversion to a violin. The essays in this volume are the results of a conference held to highlight recent research, conservation work and scientific findings specifically related to the British Museum citole. The book enhances our understanding of one of the British Museum’s most celebrated objects by drawing together experts from the fields of history, art history, music, organology, conservation and science and performance practice. The result is a more developed understanding of the object within a wider historical context.

=648  \0$aMiddle Ages (500-1400)$1http://www.wikidata.org/entity/Q12554$920964
=650  \0$aBowed string instrument$1http://www.wikidata.org/entity/Q192096$92398
=700  \\$aSpeakman, Naomi$4edt$927643
=700  \\$aBuehler-McWilliams, Kathryn$4edt$927644
=856  \\$uhttps://britishmuseum.iro.bl.uk/concern/books/51248d7b-d52b-4219-8a54-6d25a4114921
=942  \\$cBOO
=952  \\$00$10$2ddc$40$6INS_5_000000000000000_9D_ROBI$70$8INS$912765$aORPH$bORPH$cKTS0$d2020-07-08$eKoopman$i45F34$oINS5.9d ROBI$p20127490$r2021-01-12 00:00:00$w2021-01-12$yBOO
=999  \\$d12783

