=LDR  03166cam a2200325 i 4500
=001  12784
=005  20250120115959.0
=008  150206s2014\\\\gw\ac\\\\bc\\\000\0dger\c
=020  \\$a9783777423135$q(book trade edition : hd. bd.)
=020  \\$a9783990200803 (Museumsausgabe)
=040  \\$aOI
=041  1\$ager$aeng$hger
=100  \\$4art$aVelázquez, Diego$d1599-1660$1http://www.wikidata.org/entity/Q297$914610
=245  00$aVelázquez
=246  31$aExhibition of the Kunsthistorisches Museum Wien in cooperation with the Museo Nacional del Prado, Madrid, and the Réunion des Musées Nationaux and the Musée du Louvre, Paris
=260  \\$aMunich$bHirmer$c[2014]
=300  \\$a336 pages$billustrations (chiefly color), portraits$c29 cm
=504  \\$aIncludes bibliographical references (pages 328-334).
=520  8\$aDie Gemäldegalerie des Kunsthistorischen Museums widmet dem spanischen Maler Diego Velázquez (1599 -1660) zum ersten Mal im deutschsprachigen Raum eine Ausstellung. Neben den zauberhaften Bildnissen der Infanten und Infantinnen der eigenen Sammlung, die zu den Highlights des Museums zählen, werden darüber hinaus Hauptwerke des Meisters aus verschiedenen Genres, Küchenstillleben, religiöse Themen, Mythologien und Historien präsentiert, um das vielfältige Œuvre des Künstlers zu zeigen. Einige von Velázquez wichtigsten Werken, darunter die Rokeby Venus, Apoll in der Schmiede des Vulkan, oder die Anbetung der Könige die ergreifenden Bildnisse der Hofnarren Don Juan de Austria, oder Calabazillas werden zum ersten Mal in Wien zu sehen sein. Kooperationspartner und Hauptleihgeber sind das Museo Nacional del Prado in Madrid, das den Grossteil der Werke des Künstlers beherbergt, sowie die National Gallery in London und das Boston Museum of Fine Arts. Darüber hinaus präsentiert die Ausstellung weitere wichtige Leihgaben aus international bedeutenden Museen. Exhibition: Kunsthistorisches Museum Wien, Austria (28.10.2014-15.02.2015).
=546  \\$aText in German and English.
=590  \\$aeine Ausstellung des Kunsthistorischen Museums Wien in Zusammenarbeit mit dem Museo Nacional del Prado, Madrid, und der Réunion des Musées Nationaux und dem Musée du Louvre, Paris = An exhibition of the Kunsthistorisches Museum Wien in cooperation with the Museo Nacional del Prado, Madrid, and the Réunion des Musées Nationaux and the Musée du Louvre, Paris / Kunsthistorisches Museum Wien ; herausgegeben von Sabine Haag ; [Autoren der Katalogbeiträge, Stefan Albl ... [and 16 others] ; Übersetzungen, Friedrich Frosch ... [and 6 others]]
=600  \0$aVelázquez, Diego$d1599-1660$1http://www.wikidata.org/entity/Q297$914610
=610  \0$aKunsthistorisches Museum (Vienna, Austria)$91760
=648  \0$a17th Century (1601-1700)$1http://www.wikidata.org/entity/Q7016$920923
=650  \0$aFine art$1http://www.wikidata.org/entity/Q219625$921579
=700  \\$aHaag, Sabine$4edt$915142
=700  \\$aFrosch, Friedrich$4trl$915144
=942  \\$cBOO
=952  \\$00$10$2ddc$40$6BIO_VELA_E$70$8BIO$912766$aORPH$bORPH$cKTS1_P$d2020-07-08$eKoopman$i45G07$oBIO VELA e$p20127559$r2021-01-12 00:00:00$w2021-01-12$yBOO
=999  \\$d12784

