=LDR  01393cam a2200289 a 4500
=001  12785
=005  20250121142129.0
=008  060616s2006\\\\gaua\\\\\bc\\\001\0deng\\
=020  \\$a1932543139
=040  \\$aOI
=041  \\$aeng
=245  00$aKings as Collectors:$bPaintings, Sculpture, and Decorative Arts from the Musée du Louvre
=260  \\$aAtlanta, GA$bHigh Museum of Art$c2006
=300  \\$a165 pages$bcolor illustrations$c29 cm
=504  \\$aIncludes bibliographical references and index.
=610  \0$aMusée du Louvre (Paris, France)$1http://www.wikidata.org/entity/Q19675$91554
=648  \0$a17th Century (1601-1700)$1http://www.wikidata.org/entity/Q7016$920923
=648  \0$a18th Century (1701-1800)$1http://www.wikidata.org/entity/Q7015$920899
=650  \0$aFine art$1http://www.wikidata.org/entity/Q219625$921579
=650  \0$aApplied arts$1http://www.wikidata.org/entity/Q2865882$921627
=650  \0$aCollecting$1http://www.wikidata.org/entity/Q208165$92117
=651  \0$aFrance$1http://www.wikidata.org/entity/Q142$9131
=710  \\$aHigh Museum of Art (Atlanta, GA, USA)$4edt$1http://www.wikidata.org/entity/Q953345$91766
=710  \\$aDenver Art Museum (CO, USA)$91767
=942  \\$cBOO
=952  \\$00$10$2ddc$40$6TOP_FR_5_000000000000000$70$8TOP$912767$aORPH$bORPH$cKTS0$d2020-07-08$eKoopman$i45G08$oTOP FR 5$p20127558$r2021-01-12 00:00:00$w2021-01-12$yBOO
=999  \\$d12785

