=LDR  01149aam a2200241   4500
=001  12786
=008  250828s2015\\\\|||a||||\c|||\00|\0beng\d
=020  \\$a9788484803157
=041  \\$aeng
=100  \\$aCampbell, L.$4aut$941088
=245  \\$aRogier van der Weyden and the Kingdoms of the Iberian Peninsula
=260  \\$aMadrid$bMuseo Nacional del Prado$c2015
=600  \0$avan der Weyden, Rogier$dc. 1399-1464$1http://www.wikidata.org/entity/Q68631$941087
=648  \0$aMiddle Ages (500-1400)$1http://www.wikidata.org/entity/Q12554$920964
=650  \0$aFine art$1http://www.wikidata.org/entity/Q219625$921579
=650  \0$aNobility$1http://www.wikidata.org/entity/Q134737$93602
=650  \0$aPatronage$1http://www.wikidata.org/entity/Q214092$94245
=651  \0$aSpain$1http://www.wikidata.org/entity/Q29$920983
=651  \0$aPortugal$1http://www.wikidata.org/entity/Q45$9136
=651  \0$aFlanders (Belgium)$1http://www.wikidata.org/entity/Q234$989
=942  \\$cBOO
=952  \\$00$10$2ddc$40$6BIO_VAND5_C$70$8BIO$912768$aORPH$bORPH$cKTS1_P$d2020-07-08$eKoopman$i45G11$l0$oBIO VAND5 c$p20127555$r2021-01-12 00:00:00$w2021-01-12$yBOO$OKoopman
=999  \\$d12786

