=LDR  01027    a2200229   4500
=001  12787
=008  220517s2001\\\\fr\f||||\||||\00|\0\fre\d
=020  \\$a9782841031146
=041  \\$afre
=100  \\$4aut$aVarious$94793
=245  \\$aLe Testament de Dom Bedos. Abbatiale Sainte-Croix de Bordeaux. 1748-2001.$bOuvrage collectif sous la direction de Jean Barraud
=260  \\$c2001$aBordeaux$bWilliam Blake
=300  \\$a235 pages
=336  \\$aprinted
=610  \0$aAbbaye de Saint-Croix (Bordeaux, France)$1http://www.wikidata.org/entity/Q1064995$924218
=650  \0$aOrgan$1http://www.wikidata.org/entity/Q1444$92810
=650  \0$aOrganology$1http://www.wikidata.org/entity/Q899293$921400
=651  \0$aBordeaux (France)$1http://www.wikidata.org/entity/Q1479$924219
=700  \\$4win$aChapelet, Francis$d1934-$914894
=942  \\$cBOO
=952  \\$00$10$2ddc$40$6INS_3_000000000000000_1E_FR_BOR$70$8INS$912769$aORPH$bORPH$cKTS0$d2020-07-08$eKoopman$i45G12$oINS3.1e FR.BOR$p20127554$r2021-01-12 00:00:00$w2021-01-12$yBOO
=999  \\$d12787

