=LDR  01125cam a2200265 a 4500
=001  12788
=005  20250925143300.0
=008  880909s1987\\\\gw\ao\\\\b\\\\000\0\ger\\
=020  \\$a3875490304
=041  \\$ager
=245  00$aFünf Jahrhunderte deutscher Musikinstrumentenbau
=260  \\$aCelle$bMoeck$c1987
=300  \\$a399 pages
=504  \\$aIncludes bibliographical references.
=561  \\$aEx Libris Ton Koopman
=648  \0$a17th Century (1601-1700)$1http://www.wikidata.org/entity/Q7016$920923
=648  \0$a18th Century (1701-1800)$1http://www.wikidata.org/entity/Q7015$920899
=648  \0$a19th Century (1801-1900)$1http://www.wikidata.org/entity/Q6955$920935
=648  \0$a20th Century (1901-2000)$1http://www.wikidata.org/entity/Q6927$920936
=650  \0$aOrganology$1http://www.wikidata.org/entity/Q899293$921400
=651  \0$aGermany$1http://www.wikidata.org/entity/Q183$9155
=700  \\$aMoeck, Hermann$d1922-2010$914670
=942  \\$cBOO
=952  \\$00$10$2ddc$40$6INS_1A_DE$70$8INS$912770$aORPH$bORPH$cKTS0$d2020-07-08$eKoopman$i45G15$oINS1a DE$p20127551$r2021-01-12 00:00:00$w2021-01-12$yBOO
=999  \\$d12788

