=LDR  01317aam a2200265   4500
=001  12790
=008  250122s2012\\\\|||faog|\||||\00|\0dfre\d
=020  \\$a9780503536664
=041  \\$afre
=245  \\$aLa musique en Picardie du XIVe au XVIIe siècle
=260  \\$c2012$aTurnhout$bBrepols
=300  \\$a455 pages
=490  \\$aCollection "Épitome musical" du Centre d'Études supérieures de la Renaissance Unversité François-Rabelais de Tours
=648  \0$aMiddle Ages (500-1400)$1http://www.wikidata.org/entity/Q12554$920964
=648  \0$a15th Century (1401-1500)$1http://www.wikidata.org/entity/Q7018$921015
=648  \0$a16th Century (1501-1600)$1http://www.wikidata.org/entity/Q7017$920944
=648  \0$a17th Century (1601-1700)$1http://www.wikidata.org/entity/Q7016$920923
=650  \0$aMusic history$1http://www.wikidata.org/entity/Q846047$921373
=651  \0$aPicardy (France)$1http://www.wikidata.org/entity/Q13950$939548
=700  \\$aCavicchi, Camilla$4edt$939546
=700  \\$aColin, Marie-Alexis$4edt$939547
=700  \\$aVendrix, Philippe$1http://www.wikidata.org/entity/Q3380840$4edt$917829
=942  \\$cBOO
=952  \\$00$10$2ddc$40$6TOP_FR_PIC_4_000000000000000$70$8TOP$912772$aORPH$bORPH$cKTS0$d2020-07-08$eKoopman$i45G28$oTOP FR.PIC 4$p20127538$r2021-01-12 00:00:00$w2021-01-12$yBOO
=999  \\$d12790

