=LDR  02724cam a2200361 i 4500
=001  12791
=005  20251003085459.0
=008  150907s2015\\\\it\a\\\\\bc\\\000\0dita\d
=020  \\$a9788866482789$qpaperback
=020  \\$a8866482781$qpaperback
=040  \\$aOI
=041  \\$aita
=245  00$aSplendori del Rinascimento a Venezia:$bSchiavone tra Parmigianino, Tintoretto e Tiziano
=246  30$aSchiavone tra Parmigianino, Tintoretto e Tiziano
=250  \\$aPrima edizione.
=264  \1$aVenice$bMUVE, Fondazione Musei civici Venezia$aMilan$b24 ore cultura$c2015
=300  \\$a430 pages$billustrations (chiefly color)$c28 cm
=500  \\$aCatalog of an exhibition held at the Museo Correr, Venice, Italy, November 28, 2015-April 10, 2016.
=504  \\$aIncludes bibliographical references (pages 401-430).
=505  00$tVenezia nell'età di Andrea Schiavone /$rGino Benzoni --$tQuestioni intorno a una biografia scritta sull'acqua /$rLionello Puppi --$tVerifiche e novità archivistiche per Andrea Schiavone :$tgenealogia, cronologia e fonti documentarie /$rSilvia Miscellaneo --$tLe due Vite di Andrea Schiavone nelle Maraviglie dell'arte di Carlo Ridolfi /$rAndrea Polati --$tAndrea Schiavone tra collezionismo e mercato (XVI-XVIII secolo) /$rLinda Borean --$tPer Andrea Schiavone pittore :$trevisioni e aggiornamenti /$rEnrico Maria Dal Pozzolo --$tAndrea Schiavone e l'incisione :$tdal pregiudizio alla modernità /$rChiara Callegari --$tSchiavone disegnatore /$rMichel Hochmann --$tAndrea Schiavone e le "arti sorelle" :$ttracce di studio tra decorazione architettonica e arti applicate /$rAndrea Bellieni --$tAndrea Schiavone e il tema della Passione di Cristo /$rFabrizio Biferali --$tAndrea Schiavone (alias Andrija Medulić) nella storiografia e nel collezionismo croati dalla metà del XIX secolo a oggi /$rLjerka Dulibić.
=600  \0$aSchiavone, Andrea$dc. 1500-1563$922877
=600  \0$aParmigianino$d1503-1540$1http://www.wikidata.org/entity/Q9348$922878
=600  \0$aTintoretto$d1518-1594$1http://www.wikidata.org/entity/Q9319$914794
=600  \0$aTitian$dc. 1488-1576$1http://www.wikidata.org/entity/Q47551$910983
=648  \0$a16th Century (1501-1600)$1http://www.wikidata.org/entity/Q7017$920944
=650  \0$aFine art$1http://www.wikidata.org/entity/Q219625$921579
=650  \0$aCatalogue$1http://www.wikidata.org/entity/Q2352616$921484
=651  \0$aVenice (Italy)$1http://www.wikidata.org/entity/Q641$91
=700  1\$aDal Pozzolo, Enrico Maria,$4edt
=700  \\$aPuppi, Lionello$4edt$922876
=942  \\$cBOO
=952  \\$00$10$2ddc$40$6BIO_SCHI4_C$70$8BIO$912773$aORPH$bORPH$cKTS1_P$d2020-07-08$eKoopman$i46A06$oBIO SCHI4 c$p20127593$r2021-01-12 00:00:00$w2021-01-12$yBOO
=999  \\$d12791

