=LDR  02713cam a2200241 a 4500
=001  12794
=005  20250109133339.0
=008  081114s2009\\\\miua\\\\\b\\\\001\0\eng\\
=020  \\$a9780971985490 (alk. paper)
=020  \\$a0971985499 (alk. paper)
=040  \\$aOI
=041  \\$aeng
=100  \\$aWatkins, Timothy D.,$d-1965$4edt$915146
=245  00$aPerformance Practice:$bIssues and Approaches
=260  \\$aAnn Arbor, MI$bSteglein$c2009
=300  \\$axv-267 pages$billustrations$c24 cm
=504  \\$aIncludes bibliographical references and index.
=505  0\$gMonophonic traditions. Echoes of St. Andrews : performance practice questions in the chants of WI / Jann Cosart ; Notation and rhythm in the Medicean Gradual / Joshua Veltman ; Die Meistersinger von Breslau : Adam Puschman and the Breslau Meistersingerordnung of 1598 / Allen Scott -- American musics. Performance issues in early colonial Mexican polyphony : a critical examination of some colonial accounts / Timothy D. Watkins ; The dilemma of instrumentation in the early American theater : a portrait of the colonial Charleston orchestra / Timothy Crain ; The interface between literacy and orality in the performance of music by William Billings / Charles E. Brewer -- Baroque repertoires. Fanning the flames of love : hidden performance solutions for Monteverdi's Ballo delle ingrate in dance practice / Virginia Christy Lamothe ; Cello teaching and playing in Naples in the early eighteenth century : Francesco Paolo Supriani's Principij da imparare a suonare il violoncello / Guido Olivieri ; Music sui generis : confronting the obvious in the Bach cello suites / Christine Kyprianides ; In defense of l'ancien goût in Regency France : the free graces of Montéclair's instrumental doubles / Charles Gower Price -- Music and text in romantic contexts. Mendelssohn "Unfinished" : newly discovered performance parts of the premiere of St. Paul / Siegwart Reichwald ; The peerless reciter : reconstructing the lost art of elocution with music / Marion Wilson Kimber -- Theory, technology, and aesthetics. Two facets of eighteenth-century performance practice : a dialogue between melodic and harmonic dynamic prescriptions in Quantz's versuch / Evan Jones ; Technology and aesthetics : historically informed performance practice and the compact disc / Stephen Meyer.
=650  \0$aHistorically informed performance$1http://www.wikidata.org/entity/Q1344860$920980
=650  \0$aMusic history$1http://www.wikidata.org/entity/Q846047$921373
=942  \\$cBOO
=952  \\$00$10$2ddc$40$6MTP_2_000000000000000_WATK$70$8MTP$912776$aORPH$bORPH$cKM12_1$d2020-07-08$eKoopman$i46A16$l0$oMTP2 WATK$p20127581$r2021-01-12 00:00:00$w2021-01-12$yBOO
=999  \\$d12794

