=LDR  03974aam a2200265   4500
=001  12795
=008  210824t1983\\\\||||||||\||||\00|\0\mul\d
=041  \\$ager$aeng
=245  \\$aAlte Musik:$bPraxis und Reflexion
=260  \\$aWinterthur$bAmadeus$c1983
=300  \\$a404 pages
=505  \\$g50 Jahre Schola Cantorum Basiliensis. Eine Tradition und ihre Aktualisierung / Peter Reidemeister -- Publikationen der Schola Cantorum Basiliensis -- Grußworte / Paul Sacher, Friedhelm Döhl, Hans Oesch, Gustav Leonhardt -- Zur Idee und zur Geschichte eines “Lehr- und Forschungsinstituts für alte Musik” in den Jahren 1933 bis 1970 / Wulf Arlt -- Aus der Geschichte der “Freunde alter Musik in Basel”. Beobachtungen zur Konzerttätigkeit der Schola Cantorum Basiliensis in Basel / Kurt Deggeller -- Die Musikinstrumentensammlung Otto Lobeck / Walter Nef -- Erfahrungen im Theorie-Unterricht an der Schola Cantorum Basiliensis / Elli Rohr -- Grundsätzliches zur Schulmusik / Ina Lohr -- Des Sängers Begegnung mit älterer Musik / Arnold Geering -- Musikwissenschaft und musikalische Praxis. Zur Geschichte eines Mißverständnisses / Stefan Kunze -- Die Sprachmelodik und Zahlensymbolik des “Salve Regina” als Antiphon (11. Jahrhundert) und als Meistergesang der Reformationszeit (16. Jahrhundert) / Ina Lohr -- The Greater Passion Play from Carmina Burana: An Introduction / Thomas Binkley -- Spiel mit dem Modus. Betrachtungen zur Melodik des Vatikanischen Organumtraktates / Christopher Schmidt -- Improvisation und instrumentale Komposition: Zu drei Bearbeitungen der Chanson "Doulce memoire" / Veronika Gutmann -- Temporelationen bei Frescobaldi / Karin Paulsmeier -- Zur Konzertform in einigen späten Orgelwerken Johann Sebastian Bachs / Jean-Claude Zehnder -- The Snares and Delusions of Musical Rhetoric: Some Examples from Recent Writings on J. S. Bach / Peter Williams -- Kompositionsstil und Auführungspraxis bei Johann Sebastian Bach / August Wenzinger -- David Petersen: Ein Geiger im Amsterdam des 17. Jahrhunderts / Jaap Schröder -- Möglichkeiten der Besetzung des Basso continuo in der Kammermusik des Barock. Probleme der Kombination von Harmonie- und Melodieinstrumenten / Hannelore Mueller -- The Controversy Concerning The Timbre of The Countertenor / René Jacobs -- Bericht über die Restaurierungen von besaiteten Tasteninstrumenten aus den Instrumenten-Beständen in Basel / Martin Scholz -- Die Temperatur für Laute bei John Dowland (1610) / Eugen Dombois -- Belege zur Frage der Stimmtonhöhe bei Michael Praetorius / Anne Smith -- Beispiele zur Intonationslehre im Unterricht / Michel Piguet -- Die Neue Mozart-Ausgabe. Wissenschaft und Praxis / Franz Giegling -- Mozart und die Alchemie. Zur musikalischen Gestaltung von Entwicklungsprozessen / Dagmar Hoffmann-Axthelm -- Zur Instrumentästhetik im frühen 19. Jahrhundert / Ernst Lichtenhahn -- Neue Musik für alte Instrumente / Hans-Martin Linde
=590  \\$aSonderband der Reihe "Basler Jahrbuch für historische Musikpraxis" zum 50. Jubiläum der Schola Cantorum Basiliensis
=610  \0$aSchola Cantorum Basiliensis (Basel, Switzerland)$1http://www.wikidata.org/entity/Q665530$91393
=650  \0$aHistorically informed performance$1http://www.wikidata.org/entity/Q1344860$920980
=650  \0$aEarly music$1http://www.wikidata.org/entity/Q436016$93160
=650  \0$aOrganology$1http://www.wikidata.org/entity/Q899293$921400
=650  \0$aCountertenor$1http://www.wikidata.org/entity/Q223166$92766
=651  \0$aBasel (Switzerland)$1http://www.wikidata.org/entity/Q78$921311
=700  \\$4edt$aReidemeister, Peter$920857
=700  \\$4edt$aGutmann, Veronika$911317
=700  \\$aSacher, Paul$d1906-1999$1http://www.wikidata.org/entity/Q124102$4dte$925065
=942  \\$cBOO
=952  \\$00$10$2ddc$40$6MTP_2_000000000000000_REID$70$8MTP$912777$aORPH$bORPH$cKM12_1$d2020-07-08$eKoopman$i46A17$l3$m2$oMTP2 REID$p20127580$r2025-03-11 16:51:52$s2025-03-03$w2021-01-12$yBOO
=999  \\$d12795

