=LDR  05175aam a2200589   4500
=001  12796
=005  20251014165024.0
=008  210817t1994\\\\||||||||\||||\01|\0\ger\d
=020  \\$a3901254056
=041  \\$ager
=100  \\$aMertin, Josef$d1904-1998$1http://www.wikidata.org/entity/Q15454262$4dte$922042
=245  \\$aMusik muss man machen.$bEine Festgabe für Josef Mertin zum neunzigsten Geburtstag am 21. März 1994
=260  \\$aVienna$bPasqualatihaus$c1994
=300  \\$a389 pages
=490  \\$aSchriftenreihe vom Pasqualatihaus$v9
=505  \\$gJosef Mertin und die Albertina / W. Koschatzky -- Erinnerungen eines Museumsstücks / J. H. van der Meer -- Josef Mertin und Karl Scheit / E. W. Partsch -- Josef Mertin oder das Innenleben einer Orgel / G. Sonneck -- Die alten Notenarchive der Schubertkirche Lichtental und der Klosterkirche der Barmherzigen Brüder in Wien / E. Benedikt -- Gedanken zur Verwendung von Instrumenten in der Aufführungspraxis mehrstimmiger Musik des 13. und 14. Jahrhunderts / R. Clemencic -- Das Kunstwerk nicht nur der Form nach untersuchen, sondern darüber hinaus es auch Musik werden zu lassen: Rudolf von Ficker als Lehrer und Vorbild Josef Mertins / W. Pass -- Stellt Michael Pacher 148 eine Stimmgabel dar? / G. Stradner -- Das Cantorenamt im Praemonstratenserorden nach frühesten Quellen / R. G. Frieberger -- Assoziative Symbolik in Johann Sebastian Bachs Kunst der Fuge / T. Schmögner -- Neue Wege zur Interpretation Alter Musik / E. Melkus -- Verstehen und verstanden werden. Von der Mehrdeutigkeit des Begriffes Aufführungspraxis / I. Harer -- Technische Grundlagen der alten Ordnung der Musikinstrumente, dargestellt am Beispiel eines Kielflügels von Dominicus Pesaurensis 1546 / P. Kukelka -- Konstruktionsprinzipien im Clavichordbau: Überlegungen zu Mensurierung, Stimmtonhöhe und Besaitung bei Clavichorden des 15.-18. Jahrhunderts / A. Huber -- Johann Sebastian Bachs Lautenwerke "Pour la Luth - Aufs Lautenwerk - Pour la Luth o Cembal" / C. Jaccottet -- Zur frühen Ikonographie des Clavicytheriums. Eine Entdeckung in Kärntens Schatzkammern / U. Henning (325) -- Beiträge zum Umgang mit früher österreichischer Musik für Tasteninstrumente / P. Widensky -- Zur Barockoboe in Wien. Ene Bestandsaufnahme / M. Wolf -- Vom rechten Ton am Fagott. Zur Frage von Stimmton-Verhältnissen im Barock / K. Hubmann
=600  \0$aBach, Johann Sebastian$d1685-1750$1http://www.wikidata.org/entity/Q1339$94766
=600  \0$aSchubert, Franz$d1797-1828$1http://www.wikidata.org/entity/Q7312$96183
=600  \0$aFicker, Rudolf von$cRitter$d1886-1954$1http://www.wikidata.org/entity/Q2174235$910858
=600  \0$aMertin, Josef$d1904-1998$1http://www.wikidata.org/entity/Q15454262$922042
=610  20$aPremonstratensians$1http://www.wikidata.org/entity/Q339332$926861
=648  \0$a15th Century (1401-1500)$1http://www.wikidata.org/entity/Q7018$921015
=648  \0$a16th Century (1501-1600)$1http://www.wikidata.org/entity/Q7017$920944
=648  \0$a17th Century (1601-1700)$1http://www.wikidata.org/entity/Q7016$920923
=648  \0$a18th Century (1701-1800)$1http://www.wikidata.org/entity/Q7015$920899
=648  \0$a19th Century (1801-1900)$1http://www.wikidata.org/entity/Q6955$920935
=648  \0$a20th Century (1901-2000)$1http://www.wikidata.org/entity/Q6927$920936
=650  \0$aEarly music$1http://www.wikidata.org/entity/Q436016$93160
=650  \0$aOrgan$1http://www.wikidata.org/entity/Q1444$92810
=650  \0$aChurch music$1http://www.wikidata.org/entity/Q8812109$1https://www.wikidata.org/wiki/Q1065742$92283
=650  \0$aCantor$1http://www.wikidata.org/entity/Q330679$923204
=650  \0$aMonastery$1http://www.wikidata.org/entity/Q44613$926216
=650  \0$aHistorically informed performance$1http://www.wikidata.org/entity/Q1344860$920980
=650  \0$aOrganology$1http://www.wikidata.org/entity/Q899293$921400
=650  \0$aClavicytherium$1http://www.wikidata.org/entity/Q1746064$927781
=650  \0$aIconography$1http://www.wikidata.org/entity/Q208145$921259
=650  \0$aClavichord$1http://www.wikidata.org/entity/Q191823$92126
=650  \0$aTuning$1http://www.wikidata.org/entity/Q858576$921655
=650  \0$aString$1http://www.wikidata.org/entity/Q326426$922522
=650  \0$aLute$1http://www.wikidata.org/entity/Q180733$93944
=650  \0$aKunst der Fuge$1http://www.wikidata.org/entity/Q465878$923640
=650  \0$aSymbol$1http://www.wikidata.org/entity/Q80071$93606
=650  \0$aKeyboard instrument$1http://www.wikidata.org/entity/Q52954$92849
=650  \0$aPerforming pitch$1http://www.wikidata.org/entity/Q1571955$922130
=650  \0$aOboe$1http://www.wikidata.org/entity/Q8377$91905
=651  \0$aVienna (Austria)$1http://www.wikidata.org/entity/Q1741$920937
=700  \\$4edt$aNagy, Michael$922043
=700  1\$aClemencic, René$d1928-2022$4ctb$927289
=700  \\$aMelkus, Eduard$d1928-$1http://www.wikidata.org/entity/Q84897$4ctb$923837
=942  \\$cBOO
=952  \\$00$10$2ddc$40$6REF_4_000000000000000_MERT$70$8REF$912778$aORPH$bORPH$cKM12_1$d2020-07-08$eKoopman$i46A19$oREF4 MERT$p20127578$r2021-01-12 00:00:00$w2021-01-12$yBOO
=999  \\$d12796

