=LDR  02818cam a2200397 a 4500
=001  12797
=005  20250120120158.0
=008  161028s2014\\\\gw\ag\\\\\\\\\101\0\ger\d
=010  \\$a  2015394812
=016  7\$a1063657695$2GyFmDB
=016  7\$a1063657695$2DE-101
=020  \\$a9783937788371$q(pbk.)
=020  \\$a3937788379$q(pbk.)
=024  3\$a9783937788371
=028  30$aOM189$bOrtus Musikverlag
=035  \\$a(OCoLC)ocn905485742
=035  \\$a(OCoLC)905485742$z(OCoLC)912576738
=040  \\$aOHX$beng$cOHX$dOCLCO$dYUS$dOCLCO$dZCU$dSTF$dTDF$dDLC
=042  \\$alccopycat
=043  \\$ae-gx---
=072  \7$aML$2lcco
=245  00$aJohann Steurlein (1546-1613) - Amtsdiener, Komponist und Poet zwischen Tradition und Innovation :$bwissenschaftliche Tagung, Meininger Museen 2013 /$cMaren Goltz und Bernhard Schrammek (Hrsg.).
=260  \\$aBeeskow :$bOrtus Musikverlag,$c2014.
=300  \\$avi, 216 pages :$billustrations, music ;$c24 cm.
=336  \\$atext$btxt$2rdacontent
=337  \\$aunmediated$bn$2rdamedia
=338  \\$avolume$bnc$2rdacarrier
=490  1\$aOrtus Studien ;$v15
=505  00$gVorwort --$tJohann Steurlein als landesherrlicher Diener /$rJohannes Mötsch --$tJohann Steurlein als Chronist seiner Zeit /$rMarc Jarzebowski --$tWasungen und Johann Steurlein /$rStefan Kunze --$tDas geistliche Liedschaffen Johann Steurleins /$rErik Dremel --$tJohann Steurleins Missa Laudate Dominum und ihr Gattungskontext /$rJürgen Heidrich --$tModalität, Interpunktion und Rhetorik : zur musikalischen Dramaturgie in Johann Steurleins Deutscher Passion von 1576 /$rFranz Kaern-Biederstedt --$tFestmusik für die gebildete Mittelschicht : Steurleins Epithalamia /$rThomas Schmidt-Beste --$tEteostichon rhytmicum : Wenn Zeichen in Rätseln sprechen /$rAngelika Silberbauer --$tZwischen Tenorlied und Villanella : Johann Steurleins weltliche Werke im zeitgenössischen Kontext /$rJens Marggraf --$tJohann Steurleins Fugae viginti ex solmizandi exercitio : Solmisationsübungen aus Cyriacus Schneegass' Isagoges musicae libri duo /$rGesine Schröder --$tHenning Dedekind und seine musikpraktischen und musikdidaktischen Werke /$rInga Mai Groote --$tSteurlein-Werkverzeichnis (SteuWV) /$rHarald Uhlemann --$gAutorenverzeichnis --$gPersonenregister --$gOrtsregister --$gRegister der Werke Johann Steurleins.
=600  \0$aSteuerlein, Johann$d1546-1613$1http://www.wikidata.org/entity/Q1648406$915147
=650  \0$aComposer$1http://www.wikidata.org/entity/Q36834$93625
=651  \0$aMeiningen (Germany)$1http://www.wikidata.org/entity/Q487278$9247
=830  \0$91108$aOrtus Studien ;$v15.
=942  \\$cBOO
=952  \\$00$10$2ddc$40$6BIO_STEU_C$70$8BIO$912779$aORPH$bORPH$cKTS1_P$d2020-07-08$eKoopman$i46A24$l0$oBIO STEU c$p20127573$r2021-01-12 00:00:00$w2021-01-12$yBOO$OKoopman
=999  \\$c12797$d12797

