=LDR  02547cam a2200361 i 4500
=001  12798
=005  20250121142129.0
=008  160129s2015\\\\gw\ag\\\\\\\\\101\0\ger\d
=020  \\$a9783937788364$q(pbk.)
=020  \\$a3937788360$q(pbk.)
=024  3\$a9783937788364
=040  \\$aOHX$beng$cOHX$dOCLCO$dOCLCQ$dHEBIS$dTDF$dSTF$dOCLCO$dOCLCF$dUIU$dRES$dDLC
=041  \\$ager
=245  00$aTrauermusik von Telemann:$bästhetische, religiöse, gesellschaftliche Aspekte
=260  \\$aBeeskow$bOrtus$c2015
=300  \\$a213 pages :$billustrations, music ;$c24 cm.
=336  \\$atext$btxt$2rdacontent
=337  \\$aunmediated$bn$2rdamedia
=338  \\$avolume$bnc$2rdacarrier
=490  1\$aOrtus Studien$v18
=505  00$gVorwort --$tEinleitende Bemerkungen zur Trauermusik im 17. und 18. Jahrhundert /$rAdolf Nowak --$tTod und Trauer im 18. Jahrhundert zwischen Glauben und Zeremoniell /$rHagen Jäger --$tTraditionen der Funeralmusik /$rNorbert Bolin --$tTrauer in der Kirchenmusik von Georg Philipp Telemann /$rUte Poetzsch --$tTelemanns frühe und undatierte Trauermusiken : Musikalische Innovation zu Beginn des 18. Jahrhunderts /$rJoachim Kremer --$t'Nun, noch einmal : Gute Nacht' : Telemanns Trauermusik für Hamburger Bürgermeister /$rEric F. Fiedler --$tTelemanns Hamburger Trauermusiken für römisch-deutsche Kaiser aus den Jahren 1740, 1745 und 1765 (TVWV 4:10, 4:13 und 4:16) /$rJürgen Neubacher --$tDer Affekt der Trauer in Oratorien und Passionen Georg Philipp Telemanns /$rCarsten Lange --$tTraurige Komik und komische Trauer : Ambivalente Topoi in Telemanns weltlichen Trauermusiken /$rFriederike Wissmann --$tÜberlegungen zur Emotionalität in Telemanns Trauermusiken /$rRainer Bayreuther --$gPersonenregister.
=590  \\$agemeinsam mit Martina Falletta und Eric F. Fiedler, herausgegeben von Adolf Nowak.
=600  \0$aTelemann, Georg Philipp$d1681-1767$1http://www.wikidata.org/entity/Q75854$99287
=648  \0$a18th Century (1701-1800)$1http://www.wikidata.org/entity/Q7015$920899
=650  \0$aMusic history$1http://www.wikidata.org/entity/Q846047$921373
=650  \0$aChurch music$1http://www.wikidata.org/entity/Q8812109$92283
=650  \0$aDeath$1http://www.wikidata.org/entity/Q4$94425
=700  \\$aFalletta, Martina$4aut$915151
=700  \\$aFiedler, Eric F.$4aut$915152
=700  \\$aNowak, Adolf$4edt$917752
=942  \\$cBOO
=952  \\$00$10$2ddc$40$6BIO_TELE_E$70$8BIO$912780$aORPH$bORPH$cKTS1_P$d2020-07-08$eKoopman$i46A27$l0$oBIO TELE e$p20127570$r2021-01-12 00:00:00$w2021-01-12$yBOO
=999  \\$d12798

