=LDR  01177aam a2200253   4500
=001  12799
=005  20250925143300.0
=008  250902s2015\\\\||||||||\||||\00|\0\P\\\d
=020  \\$a9789896830762
=041  \\$apor
=245  \\$aAcademia de Música de Santa Cecília:$bA educar desde 1964
=260  \\$aLisbon$bAlthum$c2015
=610  \0$aAcademia de Música de Santa Cecília (Lisbon, Portugal)$1http://www.wikidata.org/entity/Q130242860$941100
=648  \0$a20th Century (1901-2000)$1http://www.wikidata.org/entity/Q6927$920936
=648  \0$a21st Century (2001-2100)$1http://www.wikidata.org/entity/Q6939$920812
=650  \0$aMusic education$1http://www.wikidata.org/entity/Q27908$921766
=650  \0$aConservatory$1http://www.wikidata.org/entity/Q184644$926197
=651  \0$aLisbon (Portugal)$1http://www.wikidata.org/entity/Q597$9249
=700  \\$aTavares, A.$4edt$941097
=700  \\$aSardica, J. M.$4edt$941098
=700  \\$aVieira Nery, R.$4edt$941099
=942  \\$cBOO
=952  \\$00$10$2ddc$40$6TOP_PT_LIS_7_000000000000000$70$8TOP$912781$aORPH$bORPH$cKTS0$d2020-07-08$eKoopman$i46B04$l0$oTOP PT.LIS 7$p20127623$r2021-01-12 00:00:00$w2021-01-12$yBOO$OKoopman
=999  \\$d12799

