=LDR  03306cam a22004697i 4500
=001  12801
=005  20250120120000.0
=008  151026s2015\\\\gw\abch\\bc\\\101\0\ger\d
=010  \\$a  2015457836
=016  7\$a1062807197$2GyFmDB
=016  7\$a1062807197$2DE-101
=020  \\$a9783422073135$q(book trade edition :$qhd. bd.)
=020  \\$a3422073132$q(book trade edition :$qhd. bd.)
=024  3\$a9783422073135
=035  \\$a(OCoLC)ocn912385957
=040  \\$aOHX$beng$cOHX$dOCLCQ$dAN#$erda$dOCLCO$dJPG$dOCLCO$dZCU$dNDD$dOCLCO$dERASA$dCHVBK$dOCLCO$dDLC
=041  1\$ager
=042  \\$alccopycat
=043  \\$ae-gx---$ae------
=072  \7$aN$2lcco
=245  00$aAufgeklärter Kunstdiskurs und höfische Sammelpraxis:$bKaroline Luise von Baden im europäischen Kontext
=246  3\$aMeister-Sammlerin:$bKaroline Luise von Baden
=264  \1$aBerlin$bDeutscher Kunstverlag$c2015
=300  \\$a280 pages :$billustrations (chiefly color), facsimiles, maps, portraits ;$c30 cm
=336  \\$atext$btxt$2rdacontent
=337  \\$aunmediated$bn$2rdamedia
=338  \\$avolume$bnc$2rdacarrier
=504  \\$aIncludes bibliographical references (pages 256-273) and index.
=520  8\$aMarkgräfin Karoline Luise von Baden (1723-1783), seit 1751 verheiratet mit Markgraf Karl Friedrich von Baden-Durlach, war eine Sammlerin von europäischem Rang. Durch ihr internationales Korrespondentennetzwerk machte sie die noch junge Residenzstadt Karlsruhe zu einem Ort regen intellektuellen Austauschs. Aufgeklärter Esprit, Kunstliebe und geschicktes Agieren auf dem französischen, niederländischen und deutschen Kunstmarkt zeichnen ihr Sammeln aus. Der begleitende Aufsatzband zur Grossen Landesausstellung Baden-Württemberg in der Staatlichen Kunsthalle Karlsruhe vom 30. Mai bis 6. September 2015, mit Schwerpunkt auf der Präsentation des über 200 Gemälde umfassenden privaten Mahlerey-Cabinets der Markgräfin Karoline Luise von Baden, enthält zwanzig Forschungsbeiträge renommierter Autoren, die 2014 auf einer Tagung in Karlsruhe präsentiert wurden.
=590  \\$aUniversità della Svizzera Italiana, Lugano/Mendrisio, Landesarchiv Baden-Württemberg, Generallandesarchiv Karlsruhe, Staatliche Kunsthalle Karlsruhe ; herausgegeben von Christoph Frank und Wolfgang Zimmermann in Verbindung mit Holger Jacob-Friesen und Pia Müller-Tamm ; [Übersetzung aus dem Englischen, Klaus Roth ; Übersetzung aus dem Französischen, Matthias Wolf].
=600  \0$aKaroline Luise of Hesse-Darmstadt$d1723-1783$cGrand Duchess, consort of Charles Frederick, Grand Duke of Baden,$1http://www.wikidata.org/entity/Q288703$915154
=648  \0$a17th Century (1601-1700)$1http://www.wikidata.org/entity/Q7016$920923
=650  \0$aFine art$1http://www.wikidata.org/entity/Q219625$921579
=650  \0$aCollecting$1http://www.wikidata.org/entity/Q208165$92117
=651  \0$aGermany$1http://www.wikidata.org/entity/Q183$9155
=700  \\$aFrank, Christoph$4edt$915158
=700  \\$aZimmermann, Wolfgang$d-1960$4edt$915159
=700  \\$aJacob-Friesen, Holger$4edt$915160
=700  \\$aMüller-Tamm, Pia$4edt$915156
=942  \\$cBOO
=952  \\$00$10$2ddc$40$6BIO_KARO_E$70$8BIO$912783$aORPH$bORPH$cKTS1_P$d2020-07-08$eKoopman$i46B08$oBIO KARO e$p20127619$r2021-01-12 00:00:00$w2021-01-12$yBOO
=999  \\$d12801

