=LDR  01255nam a2200277 a 4500
=001  12805
=005  20251016163707.0
=008  930917s1991\\\\be\a\\\\\bc\\s000\0\dut\\
=020  \\$a9072191625
=040  \\$aOI
=041  \\$adut
=110  \\$aKoninklijk Museum voor Schone Kunsten Antwerp (Belgium)$1http://www.wikidata.org/entity/Q1471477$91773
=245  00$aAmerica, bruid van de zon:$b500 jaar Latijns-Amerika en de Lage Landen
=260  \\$aBrussels$bMinisterie van de Vlaamse Gemeenschap, Administratie Externe Betrekkingen$aGhent$bImschoot$c1991
=300  \\$a528 pages
=504  \\$aIncludes bibliographical references.
=650  \\$aCatalogue$1http://www.wikidata.org/entity/Q2352616$921484
=650  \\$aFine art$1http://www.wikidata.org/entity/Q219625$921579
=651  \\$aSouth America$1http://www.wikidata.org/entity/Q1$922373
=651  \\$aBelgium$1http://www.wikidata.org/entity/Q31$920881
=651  \\$aNetherlands$1http://www.wikidata.org/entity/Q55$9173
=700  \\$4edt$aPisters, I.$920987
=700  \\$4edt$aVanhaecke, F.$920988
=942  \\$cBOO
=952  \\$00$10$2ddc$40$6TOP_AM_4_000000000000000$70$8TOP$912787$aORPH$bORPH$cKTS0$d2020-07-08$eKoopman$i46B19$l0$oTOP AM 4$p20127602$r2021-01-12 00:00:00$w2021-01-12$yBOO
=999  \\$d12805

