=LDR  00979aam a2200229   4500
=001  12806
=005  20250918090457.0
=008  220204s2011\\\\||||||||\||||\10|\0dfre\d
=020  \\$a9782952713740
=041  \\$afre
=245  \\$aRegards sur Michel Corrette.$bActes, Lyon, 26 avril 2007
=260  \\$aLyon$bUniversite Lumière Lyon 2, Département Musique et Musicologie$c2011
=600  \0$aCorrette, Michel$d1707-1795$1http://www.wikidata.org/entity/Q982378$97384
=648  \0$a18th Century (1701-1800)$1http://www.wikidata.org/entity/Q7015$920899
=650  \0$aComposer$1http://www.wikidata.org/entity/Q36834$93625
=651  \0$aFrance$1http://www.wikidata.org/entity/Q142$9131
=700  \\$4edt$aJaffrès, Y.$911821
=700  \\$4edt$aSaby, P.$923647
=700  \\$4edt$aStreletski, G.$923648
=942  \\$cBOO
=952  \\$00$10$2ddc$40$6BIO_CORR_E$70$8BIO$912788$aORPH$bORPH$cKTS1_P$d2020-07-08$eKoopman$i46C12$oBIO CORR e$p20127651$r2021-01-12 00:00:00$w2021-01-12$yBOO
=999  \\$d12806

