=LDR  01915cam a22003374a 4500
=001  12807
=005  20250926134857.0
=008  070706s2007\\\\gw\ag\\\\b\\\\101\0\ger\\
=020  \\$a9783765103865
=028  50$aBV 386$bBreitkopf & Härtel
=040  \\$aOI
=041  \\$ager
=245  00$a"Zu gross, zu unerreichbar".$bBach-Rezeption im Zeitalter Mendelssohns und Schumanns
=260  \\$aWiesbaden$bBreitkopf & Härtel$c2007
=300  \\$a487 pages$billustrations, music$c25 cm
=500  \\$aPapers from an international symposium held in Leipzig, Nov. 2005.
=504  \\$aIncludes bibliographical references and indexes.
=505  0\$aMusik, Ästhetik und Geschichtsbetrachtung : Diskurse und Interpretationen -- Bach und die Tradition im kompositorischen Schaffen Mendelssohns, Schumanns und ihrer Zeitgenossen -- Aspekte der Aufführungspraxis -- Erträge der Quellenforschung.
=600  \0$aBach, Johann Sebastian$d1685-1750$1http://www.wikidata.org/entity/Q1339$94766
=600  \0$aMendelssohn-Bartholdy, Felix$d1809-1847$1http://www.wikidata.org/entity/Q46096$94998
=600  \0$aSchumann, Robert$d1810-1856$1http://www.wikidata.org/entity/Q7351$913977
=648  \0$a19th Century (1801-1900)$1http://www.wikidata.org/entity/Q6955$920935
=650  \0$aComposer$1http://www.wikidata.org/entity/Q36834$93625
=650  \0$aLegacy$1http://www.wikidata.org/entity/Q623282$922131
=651  \0$aGermany$1http://www.wikidata.org/entity/Q183$9155
=700  \\$aHartinger, Anselm$1http://www.wikidata.org/entity/Q62735793$4edt$915117
=700  \\$aWolff, Christoph$d1940-$1http://www.wikidata.org/entity/Q66488$4edt$910387
=700  \\$aWollny, Peter$d1961-$1http://www.wikidata.org/entity/Q95339065$4edt$915578
=942  \\$cBOO
=952  \\$00$10$40$6BIO_BACH1_E$70$8BIO$912789$aORPH$bORPH$cKTS1_P$d2020-07-08$eKoopman$i46C16$oBIO BACH1 e$p20127647$r2021-01-12 00:00:00$w2021-01-12$yBOO$OKoopman
=999  \\$d12807

