=LDR  01336cam a2200277 a 4500
=001  12808
=005  20250120120543.0
=008  091230s2007\\\\enkac\\\\b\\\\001\0deng\d
=020  \\$a9781903470572
=020  \\$a1903470579
=040  \\$aOI
=041  \\$aeng
=100  \\$aWilks, Timothy$4edt$915169
=245  00$aPrince Henry Revived:$bImage and Exemplarity in Early Modern England$cedited by Timothy Wilks.
=260  \\$aSouthampton$bSouthampton Solent University$aLondon$bHolberton$c2007
=300  \\$a312 pages$billustrations (some color), portraits$c25 cm
=504  \\$aIncludes bibliographical references and index.
=600  \0$aHenry Frederick$cPrince of Wales$d1594-1612$1http://www.wikidata.org/entity/Q82631$915166
=600  \0$aJames I$cKing of England$d1566-1625$1http://www.wikidata.org/entity/Q79972$922825
=600  \0$aCaus, Salomon de$d1576-1626$1http://www.wikidata.org/entity/Q385092$923515
=648  \0$a16th Century (1501-1600)$1http://www.wikidata.org/entity/Q7017$920944
=650  \0$aPrince$1http://www.wikidata.org/entity/Q2747456$94446
=651  \0$aUnited Kingdom$1http://www.wikidata.org/entity/Q21$9273
=942  \\$cBOO
=952  \\$00$10$2ddc$40$6BIO_HENR_E$70$8BIO$912790$aORPH$bORPH$cKTS1_P$d2020-07-08$eKoopman$i46C21$l0$oBIO HENR e$p20127642$r2021-01-12 00:00:00$w2021-01-12$yBOO$OKoopman
=999  \\$d12808

