=LDR  03752cam a2200433 a 4500
=001  12810
=005  20250605144224.0
=008  060821s2006\\\\ne\a\\\\\\\\\\000\0\eng\\
=020  \\$a9065509089
=040  \\$aOI
=041  \\$aeng
=245  00$aYour Humble Servant:$bAgents in Early Modern Europe
=260  \\$aHilversum$bVerloren$c2006
=300  \\$a167 pages$billustrations (some colored)$c25 cm
=505  \\$aIntroduction: Profiling the Early Modern Agent / Marika Keblusek -- A Question of Attribution: Art Agents and the Shaping of the Arundel Collection / David Howarth -- Between Courts: The Colonna Agents in Italy and Iberia, 1555-1600 / Thomas James Dandelet -- Francesco Feroni (1614/16-1696): Broker in Cereals, Slaves and Works of Art / Hans Cools -- Loyalty and Betrayal: Artist-Agents Michel le Blon and Pieter Isaacsz, and Chancellor Axel Oxenstierna / Badeloch Noldus -- Political Brokerage in the Dutch Republic: The Patronage Networks of William Frederick of Nassau-Dietz / Geert H. Janssen -- Art and Information Brokerage in the Career of Don Giovanni de' Medici - Brendan Dooley -- Book Agents: Intermediaries in the Early Modern World of Books / Marika Keblusek -- The Art of the Dealer: Marketing Paintings in Early Modern Antwerp / Filip Vermeylen -- International Business Communication Patterns in the Dutch Commercial System, 1500-1800 / Jan Willem Veluwenkamp -- Sending a Letter Between Amsterdam and Stockholm: A Matter of Trust and Precautions / Heiko Droste
=520  \\$aIn early modern Europe, agents were everywhere. They engaged in in the transmission of political news, were employed on diplomatic mission and negotiated economic, cultural and intellectual dealings between patrons and their clients. The agents' extensive networks, established in order to succeed professionally on one level, often provided them with an ideal resource for the execution of additional offices. This book presents agents from different professional groups - artists, soldiers, clergymen, diplomats, merchants and bankers - and explores the differences and similarities in their contacts, activities and backgrounds
=600  \0$aHoward, Thomas$c21st Earl of Arundel$d1585-1646$1http://www.wikidata.org/entity/Q166517$923134
=600  \0$aOxenstierna, Axel$d1583-1654$1http://www.wikidata.org/entity/Q155127$915474
=600  \0$aWillem Frederik$cGraaf van Nassau-Dietz$d1613-1664$1http://www.wikidata.org/entity/Q702722$912940
=610  \0$aColonna family$1http://www.wikidata.org/entity/Q16865694$923081
=610  \0$aHouse of Medici$1http://www.wikidata.org/entity/Q170022$922339
=648  \0$a17th Century (1601-1700)$1http://www.wikidata.org/entity/Q7016$920923
=648  \0$a16th Century (1501-1600)$1http://www.wikidata.org/entity/Q7017$920944
=650  \0$aCollecting$1http://www.wikidata.org/entity/Q208165$92117
=650  \0$aTranslation$1http://www.wikidata.org/entity/Q7553$92492
=650  \0$aFine art$1http://www.wikidata.org/entity/Q219625$921579
=650  \0$aBook$1http://www.wikidata.org/entity/Q571$92285
=650  \0$aPatronage$1http://www.wikidata.org/entity/Q214092$94245
=650  \0$aCourt$922191
=651  \0$aNetherlands$1http://www.wikidata.org/entity/Q55$9173
=651  \0$aUnited Kingdom$1http://www.wikidata.org/entity/Q21$9273
=651  \0$aItaly$1http://www.wikidata.org/entity/Q38$922
=651  \0$aAntwerp (Belgium)$1http://www.wikidata.org/entity/Q12892$920974
=700  \\$aCools, Hans$4edt$915170
=700  \\$aKeblusek, Marika$4edt$915171
=700  \\$aNoldus, Badeloch$4edt$915172
=942  \\$cBOO
=952  \\$00$10$2ddc$40$6HUM_COOL$70$8HUM$912792$aORPH$bORPH$cKM12_1$d2020-07-08$eKoopman$i46C28$oHUM COOL$p20127635$r2021-01-12 00:00:00$w2021-01-12$yBOO
=999  \\$d12810

