=LDR  04787cam a2200529 i 4500
=001  12811
=005  20250926134857.0
=008  791010s1978\\\\gw\a\\\\\b\\\\010\0\ger\\
=020  \\$a3775104054 :$cDM98.00
=040  \\$aOI
=041  \\$ager
=100  \\$4dte$aDadelsen, Georg von$d1918-2007$1http://www.wikidata.org/entity/Q1506567$915030
=245  00$aFestschrift Georg von Dadelsen zum 60. Geburtstag
=260  \\$aNeuhausen$bHänssler$c1978
=300  \\$a384 pages$billustrations$c24 cm
=504  \\$aIncludes bibliographical references.
=505  \\$gMozarts Lambacher Sinfonie. Gedanken zur musikalischen Stilkritik / G. Allroggen -- Das Modulierende Zwischenglied in der engeren Sonatenform: Beobachtungen an Beethovens Frühwerk / H. Becker -- Zu Bachs Umarbeitungsverfahren in den Achtzehn Chorälen / W. Breig -- Philologie und Rezeptionsgeschichte / C. Dahlhaus -- Die Symphonie als Drama: Bemerkungen zu Berlioz' Beethoven-Verständnis / W. Dömling -- Tastenumfang und Chronologie in Bachs Klavierwerken / A. Dürr -- Autograph, autorisierte Abschrift, Originalausgabe: Zu Quellenanlage und Quellenbewertung bei Schuberts Liedern / W. Dürr -- Haydns Korrekturen zum Klavierauszug der Jahreszeiten / G. Feder -- Über Musik als Wirklichkeit / A. Feil -- Zu Tradition, Fortschritt und Bild der Wiener Klassik in der ersten Hälfte des 19. Jahrhunderts / K G. Fellerer -- Betrachtungen über Mozarts Idomeneo / W. Gerstenberg -- Die instrumentalen Tonbuchstaben im Winchester Troper / A. Holschneider -- Tübinger Musikdrucker im 16. und 17. Jahrhundert / H. Tüscher -- Die doppelten und mehrfachen Textierungen in den Annaberger Chorbüchern / J. Kindermann -- Tschakowskij als Kirchenmusiker: Die Vsenoscnaja un ihre litugischen Vorlagen / T. Kohlhase -- Zur Modalität der ad æquales disponierten Werke klassischer Vokalpolyphonie / B. Meier -- Beobachtungen zur Colla-parte-Führung des Orchesters in den vierstimmigen Choralsätzen der Kantaten Johann Sebastian Bachs / K. Rönnau -- Zur Hamburger Umtextierung von Telemanns Passions-oratorium Seliges Erwägen / M. Ruhnke -- Musica politica / V. Scherliess -- Über Zwischenspiele in den Fugen des Wohltemperierten Klaviers / S. Schmalzriedt -- Verschollene literarische Werke E.T.A. Hoffmanns / F. Schnapp -- Bachs Endzweck einer regulierten und Entwurff einer wohlbestallten Kirchenmusik / U. Siegele -- Einiges Neue zum Thema archaische Sequenz / B. Stäblein
=600  \0$aTelemann, Georg Philipp$d1681-1767$1http://www.wikidata.org/entity/Q75854$99287
=600  \0$aBach, Johann Sebastian$d1685-1750$1http://www.wikidata.org/entity/Q1339$94766
=600  \0$aHaydn, Joseph$d1732-1809$1http://www.wikidata.org/entity/Q7349$94783
=600  \0$aMozart, Wolfgang Amadeus$d1756-1791$1http://www.wikidata.org/entity/Q254$95341
=600  \0$aHoffmann, E. T. A.$d1776-1822$1http://www.wikidata.org/entity/Q150471$911619
=600  \0$aBeethoven, Ludwig van$d1770-1827$1http://www.wikidata.org/entity/Q255$95335
=600  \0$aSchubert, Franz$d1797-1828$1http://www.wikidata.org/entity/Q7312$96183
=600  \0$aBerlioz, Hector$d1803-1869$1http://www.wikidata.org/entity/Q1151$99542
=600  \0$aTchaikovsky, Pyotr Ilyich$d1840-1893$1http://www.wikidata.org/entity/Q7315$924110
=648  \0$aMiddle Ages (500-1400)$1http://www.wikidata.org/entity/Q12554$920964
=648  \0$aRenaissance (1400-1600)$1http://www.wikidata.org/entity/Q4692$920965
=648  \0$a17th Century (1601-1700)$1http://www.wikidata.org/entity/Q7016$920923
=648  \0$a18th Century (1701-1800)$1http://www.wikidata.org/entity/Q7015$920899
=648  \0$a19th Century (1801-1900)$1http://www.wikidata.org/entity/Q6955$920935
=650  \0$aMusic history$1http://www.wikidata.org/entity/Q846047$921373
=650  \0$aSymphony$1http://www.wikidata.org/entity/Q9734$92527
=650  \0$aChorale$1http://www.wikidata.org/entity/Q724473$921334
=650  \0$aSong$1http://www.wikidata.org/entity/Q7366$94164
=650  \0$aOpera$1http://www.wikidata.org/entity/Q1344 $92468
=650  \0$aMusic printing$1http://www.wikidata.org/entity/Q64416036$94007
=650  \0$aOratorio$1http://www.wikidata.org/entity/Q85477$91825
=650  \0$aFugue$1http://www.wikidata.org/entity/Q181014$93142
=650  \0$aChurch music$1http://www.wikidata.org/entity/Q8812109$92283
=651  \0$aTübingen (Germany)$1http://www.wikidata.org/entity/Q3806$926842
=651  \0$aLeipzig (Germany)$1http://www.wikidata.org/entity/Q2079$945
=700  \\$aKohlhase, Thomas$4edt$911686
=700  \\$aScherliess, Volker$4edt$913859
=942  \\$cBOO
=952  \\$00$10$2ddc$40$6REF_4_000000000000000_DADE$70$8REF$912793$aORPH$bORPH$cKM12_1$d2020-07-08$eKoopman$i46C30$l1$oREF4 DADE$p20127632$r2024-01-24 00:00:00$s2024-01-09$w2021-01-12$yBOO
=999  \\$d12811

