=LDR  01146    a2200241   4500
=001  12812
=008  211115s1991\\\\sz\a||||\||||\00|\0\ger\d
=041  \\$ager
=245  \\$aHistorische Harfen.$bBeiträge zur Theorie und Praxis historischer Harfen
=260  \\$c1991$aBasel$bSchola Cantorum Basiliensis
=300  \\$a204 pages
=336  \\$aprinted
=648  \0$a15th Century (1401-1500)$1http://www.wikidata.org/entity/Q7018$921015
=648  \0$a16th Century (1501-1600)$1http://www.wikidata.org/entity/Q7017$920944
=648  \0$a17th Century (1601-1700)$1http://www.wikidata.org/entity/Q7016$920923
=648  \0$a18th Century (1701-1800)$1http://www.wikidata.org/entity/Q7015$920899
=648  \0$a19th Century (1801-1900)$1http://www.wikidata.org/entity/Q6955$920935
=650  \0$aMusic history$1http://www.wikidata.org/entity/Q846047$921373
=650  \0$aHarp$1http://www.wikidata.org/entity/Q47369$93542
=700  1\$4edt$aRosenzweig, Heidrun
=942  \\$cBOO
=952  \\$00$10$2ddc$40$6INS_5_000000000000000_3D_ROSE$70$8INS$912794$aORPH$bORPH$cKTS0$d2020-07-08$eKoopman$oINS5.3d ROSE$p20127693$r2021-01-12 00:00:00$w2021-01-12$yBOO
=999  \\$d12812

