=LDR  00727aam a2200181   4500
=001  12814
=008  230720s1998\\\\||||||||\||||\01|\0\ger\d
=020  \\$a3930480689
=041  \\$ager
=100  \\$aLehrndorfer, Franz$d1928-2013$4dte$1http://www.wikidata.org/entity/Q97816$922023
=245  \\$aDux et Comes.$bFestschrift Franz Lehrndorfer zum 70. Geburtstag
=260  \\$c1998$aRegensburg$bUniversitätsverlag Regensburg
=300  \\$a237 pages$eCD
=700  \\$4edt$aHoffert, Hans D.$922024
=700  \\$4edt$aSchnorr, Klemens$922025
=942  \\$cBOO
=952  \\$00$10$2ddc$40$6REF_4_000000000000000_LEHR$70$8REF$912796$aORPH$bORPH$cKM12_1$d2020-07-08$eKoopman$i46D22$oREF4 LEHR$p20127685$r2021-01-12 00:00:00$w2021-01-12$yBOO
=999  \\$d12814

