=LDR  01263aam a2200253   4500
=001  12815
=005  20250925143300.0
=008  250331s2010\\\\|||ga|||\||||\00|\0dger\d
=020  \\$a9783930550647
=245  \\$aAlte Musik in der Kulturlandschaft Thüringens.$bBeiträge zum zehnjährigen Bestehen der Academia Musicalis Thuringiae
=260  \\$c2010$aAltenburg$bKamprad
=300  \\$avii-223 pages
=610  \0$aAcademia Musicalis Thüringiae$940006
=648  \0$a21st Century (2001-2100)$1http://www.wikidata.org/entity/Q6939$920812
=648  \0$a20th Century (1901-2000)$1http://www.wikidata.org/entity/Q6927$920936
=650  \0$aHistorically informed performance$1http://www.wikidata.org/entity/Q1344860$920980
=650  \0$aConcert$1http://www.wikidata.org/entity/Q182832$921044
=651  \0$aThuringia (Germany)$1http://www.wikidata.org/entity/Q1205$922311
=700  \\$aGeyer, Helen$d1953-$1http://www.wikidata.org/entity/Q113767204$4edt$911099
=700  \\$aKörndle, Franz$4edt$940005
=700  \\$aStorch, Christian$d1979-$4edt$912984
=942  \\$cBOO
=952  \\$00$10$2ddc$40$6TOP_DE_THU_7_000000000000000$70$8TOP$912797$aORPH$bORPH$cKTS0$d2020-07-08$eKoopman$i46D24$l0$oTOP DE.THU 7$p20127683$r2021-01-12 00:00:00$w2021-01-12$yBOO$OKoopman
=999  \\$d12815

