=LDR  00351    a2200109   4500
=001  12818
=020  \\$a9789029090872
=245  \\$aDe Matthäus-Passion
=260  \\$c2016
=942  \\$cBOO
=952  \\$00$10$40$6BIO_BACH1_E$70$8BIO$912800$aORPH$bORPH$cKTS1_P$d2020-07-08$eKoopman$i46D42$oBIO BACH1 e$p20127665$r2021-01-12 00:00:00$w2021-01-12$yBOO$OKoopman
=999  \\$c12818$d12818

