=LDR  01292cam a22002774a 4500
=001  12819
=005  20251003090116.0
=008  110325s2010\\\\ne\a\\\\\b\\\\000\0\dut\\
=020  \\$a9789050188999
=040  \\$aOI
=041  0\$adut$eger
=100  \\$aDirksen, Pieter$d1961-$1http://www.wikidata.org/entity/Q28074052$4aut$910508
=245  03$aDe geheimen van de Matthäus-Passion:$bambacht en mystiek van een meesterwerk
=260  \\$aAmsterdam$bBalans$c2010
=300  \\$a175, [33] p. :$bill. ;$c24 cm.
=504  \\$aIncludes bibliographical references.
=561  \\$aEx libris Gustav Leonhardt
=600  \0$aBach, Johann Sebastian$d1685-1750$1http://www.wikidata.org/entity/Q1339$94766
=600  \0$aPicander$d1700-1764$1http://www.wikidata.org/entity/Q60613$97355
=648  \0$a18th Century (1701-1800)$1http://www.wikidata.org/entity/Q7015$920899
=650  \0$aPassion$1http://www.wikidata.org/entity/Q781815$92006
=651  \0$aLeipzig (Germany)$1http://www.wikidata.org/entity/Q2079$945
=710  \\$aNederlandse Bachvereniging (Netherlands)$1http://www.wikidata.org/entity/Q1180197$91774
=942  \\$cBOO
=952  \\$00$10$2ddc$40$6BIO_BACH1_E$70$8BIO$912801$aORPH$bORPH$cKTS1_P$d2020-07-08$eKoopman$i46E06$l0$oBIO BACH1 e$p20126967$r2021-01-12 00:00:00$w2021-01-12$yBOO
=999  \\$d12819

