=LDR  00802aam a2200169   4500
=001  12822
=008  250606s2014\\\\||||||||\||||\00|\0ddut\d
=041  \\$adut
=245  \\$a Mozart:$bMuzikaal Cultureel Bericht$nJubileumuitgave 1989-2014
=260  \\$aArnhem$bMozart(k)ring Gelre-Niederrhein$c2014
=600  \0$aMozart, Wolfgang Amadeus$d1756-1791$1http://www.wikidata.org/entity/Q254$95341
=648  \0$a18th Century (1701-1800)$1http://www.wikidata.org/entity/Q7015$920899
=650  \0$aMusic history$1http://www.wikidata.org/entity/Q846047$921373
=651  \0$aAustria$1http://www.wikidata.org/entity/Q40$9202
=942  \\$cBOO
=952  \\$00$10$2ddc$40$6BIO_MOZA1_F$70$8BIO$912804$aORPH$bORPH$cKTS1_P$d2020-07-08$eKoopman$i46E22$l0$oBIO MOZA1 f$p20126945$r2021-01-12 00:00:00$w2021-01-12$yBOO$OKoopman
=999  \\$d12822

