=LDR  01337    a2200253   4500
=001  12823
=005  20251103124736.0
=008  211012s1969\\\\\\\|||||\||||\00|\0bger\d
=100  \\$aBlankenburg, Walter$4dte$99648
=245  \\$aBach-Interpretationen
=260  \\$aGöttingen$bVandenhoeck & Ruprecht$c1969
=300  \\$a2 vols.
=490  \\$aKleine Vandenhoeck-Reihe$v291 S
=561  \\$aAutograph dedication from Martin Geck to Walter Wiora and Albert Dunning
=590  \\$aDiese Aufsätze sind Walter Blankenburg zum 65. Geburtstag gewidmet
=600  \0$aBach, Johann Sebastian$d1685-1750$1http://www.wikidata.org/entity/Q1339$94766
=648  \0$a18th Century (1701-1800)$1http://www.wikidata.org/entity/Q7015$920899
=650  \0$aMusical interpretation$1http://www.wikidata.org/entity/Q1668139$94533
=700  \\$4edt$aWiora, Walter$d1906-1997$1http://www.wikidata.org/entity/Q101241$916876
=700  \\$4edt$aGeck, Martin$d1936-2019$1http://www.wikidata.org/entity/Q100880$917580
=942  \\$cBOO
=952  \\$00$10$2ddc$40$6BIO_BACH_E$70$8BIO$912805$aORPH$bORPH$cKTS1_P$d2020-07-08$eKoopman$i46E32$oBIO BACH e$p20126936$r2021-01-12 00:00:00$w2021-01-12$yBOO
=952  \\$00$10$2ddc$40$6BIO_BACH_E$70$8BIO$912806$aORPH$bORPH$cKTS1_P$d2020-07-08$eKoopman$i46E32_02$oBIO BACH e$p20126935$r2021-01-12 00:00:00$w2021-01-12$yBOO
=999  \\$d12823

