=LDR  01837nam a2200337 a 4500
=001  12826
=005  20251003085459.0
=008  860606s1980\\\\ne\a\\\\\b\\\\100\0\eng\\
=020  \\$a9061940931 (pbk.)
=040  \\$aOI
=041  0\$aeng$afre$ager
=245  00$aProbate inventories:$ba new source for the historical study of wealth, material culture, and agricultural development
=260  \\$aUtrecht$bHES$c1980
=300  \\$a320 pages$billustrations$c24 cm
=490  \\$aHes Studia Historica$vIII
=504  \\$aIncludes bibliographies.
=505  \\$g(among others) Inhabitants of Amsterdam and t /heir possessions, 1701-1710 / Johannes A. Faber -- Delft in the eighteenth century / Thera Wijsenbeek -- Some reflections on the use of probate inventories as a source for the study of the material culture of the Zaanstreek in the nineteenth century / Anton Schuurman
=590  \\$aPapers presented at the Leeuwenborch conference (Wageningen, 5-7 May 1980)
=648  \0$a16th Century (1501-1600)$1http://www.wikidata.org/entity/Q7017$920944
=648  \0$a17th Century (1601-1700)$1http://www.wikidata.org/entity/Q7016$920923
=648  \0$a18th Century (1701-1800)$1http://www.wikidata.org/entity/Q7015$920899
=648  \0$a19th Century (1801-1900)$1http://www.wikidata.org/entity/Q6955$920935
=650  \0$aHistory$1http://www.wikidata.org/entity/Q309$921403
=650  \0$aLaw$1http://www.wikidata.org/entity/Q7748$93727
=650  \0$aCatalogue$1http://www.wikidata.org/entity/Q2352616$921484
=651  \0$aEurope$1http://www.wikidata.org/entity/Q46$991
=700  \\$aWoude, Ad van der$4edt$915179
=700  \\$aSchuurman, Anton$4edt$915180
=942  \\$cBOO
=952  \\$00$10$2ddc$40$6HUM_WOUD$70$8HUM$912808$aORPH$bORPH$cKM12_1$d2020-07-08$eKoopman$i46F06$oHUM WOUD$p20126916$r2021-01-12 00:00:00$w2021-01-12$yBOO
=999  \\$d12826

