=LDR  01704cam a22003134a 4500
=001  12827
=005  20250627093841.0
=008  100621s2010\\\\gw\ag\\\\\\\\\101\0dger\\
=020  \\$a9783895641374 (pbk.)
=020  \\$a3895641375 (pbk.)
=040  \\$aOI
=100  \\$aRiedel, Friedrich Wilhelm$d1929-2020$1http://www.wikidata.org/entity/Q85423107$4edt$910668
=245  00$aMozart und die geistliche Musik in Süddeutschland:$bdie Kirchenwerke von Leopold und Wolfgang Amadeus Mozart im Spannungsfeld zwischen klösterlicher Musiktradition und aufklärerischem Staatskirchentum
=260  \\$aSinzig$bStudiopunkt$c2010
=300  \\$a282 pages$billustrations, music$c25 cm
=490  0\$aKirchenmusikalische Studien$x0941-2573 ;$vBd. 12
=600  \0$aMozart, Wolfgang Amadeus$d1756-1791$1http://www.wikidata.org/entity/Q254$95341
=600  \0$aMozart, Leopold$d1719-1787$1http://www.wikidata.org/entity/Q156280$912887
=648  \0$a18th Century (1701-1800)$1http://www.wikidata.org/entity/Q7015$920899
=650  \0$aChurch music$1http://www.wikidata.org/entity/Q8812109$92283
=650  \0$aVocal music$1http://www.wikidata.org/entity/Q685884$93319
=650  \0$aCatholicism$1http://www.wikidata.org/entity/Q1841$921631
=650  \0$aMonastery$1http://www.wikidata.org/entity/Q44613$926216
=650  \0$aEnlightenment$1http://www.wikidata.org/entity/Q12539$94532
=651  \0$aBavaria (Germany)$1http://www.wikidata.org/entity/Q980$9228
=651  \0$aAustria$1http://www.wikidata.org/entity/Q40$9202
=942  \\$cBOO
=952  \\$00$10$2ddc$40$6BIO_MOZA1_E$70$8BIO$912809$aORPH$bORPH$cKTS1_P$d2020-07-08$eKoopman$i46F07$oBIO MOZA1 e$p20126915$r2021-01-12 00:00:00$w2021-01-12$yBOO$OKoopman
=999  \\$d12827

