=LDR  01105cam a2200217 a 4500
=001  12828
=008  940228s1992\\\\sp\ag\\\\b\\\\100\0dspa\|
=040  \\$aOI
=245  03$aLa Música en el Monasterio del Escorial.$bActas del Simposium (1/4-IX-1992)
=260  \\$aSan Lorenzo de El Escorial (Madrid) $bEdiciones Escurialenses$c1992
=300  \\$a775 pages
=490  \\$aColección del Instituto Escurialense de Investigaciones Históricas y Artísticas$vno. 2
=504  \\$aIncludes bibliographical references.
=610  \0$aRoyal Monastery of San Lorenzo de El Escorial  (Madrid, Spain)$91486
=650  \0$aMusic history$1http://www.wikidata.org/entity/Q846047$921373
=650  \0$aMonastery$1http://www.wikidata.org/entity/Q44613$926216
=651  \0$aSan Lorenzo de El Escorial$1http://www.wikidata.org/entity/Q31923752$940230
=710  \\$aRoyal Monastery of San Lorenzo de El Escorial  (Madrid, Spain)$91486
=942  \\$cBOO
=952  \\$00$10$2ddc$40$6TOP_ES_MAD$70$8TOP$912810$aORPH$bORPH$cKTS0$d2020-07-08$eKoopman$i46F10$l0$oTOP ES.MAD$p20126912$r2021-01-12 00:00:00$w2021-01-12$yBOO$OKoopman
=999  \\$d12828

