=LDR  00878aam a2200181   4500
=001  12830
=008  241125s2004\\\\||||||||\||||\00|\0\ger\d
=020  \\$a3901353321
=245  \\$aAuf eigenem Terrain: Beiträge zur Salzburger Musikgeschichte.$bFestschrift Gerhard Walteskirchen zum 65. Geburtstag
=260  \\$c2004$aSalzburg$bSelke
=300  \\$a511 pages
=650  \0$aMusic history$1http://www.wikidata.org/entity/Q846047$921373
=651  \0$aSalzburg (Austria)$1http://www.wikidata.org/entity/Q34713$921433
=700  \\$aLindmayr-Brandl, Andrea$1http://www.wikidata.org/entity/Q21253287$4edt$914741
=700  \\$aHochradner, Thomas$1http://www.wikidata.org/entity/Q95217958$4edt$914810
=942  \\$cBOO
=952  \\$00$10$2ddc$40$6TOP_AT_SAL$70$8TOP$912812$aORPH$bORPH$cKTS0$d2020-07-08$eKoopman$i46F15$l0$oTOP AT.SAL$p20126907$r2021-01-12 00:00:00$w2021-01-12$yBOO$OKoopman
=999  \\$d12830

