=LDR  01484cam a2200265 a 4500
=001  12833
=008  090330s2009\\\\it\a\\\\\b\\\\101\0\mul\d
=041  \\$aita$ager
=100  \\$4edt$aBösel, Richard$925609
=245  03$aLa cultura del fortepiano 1770-1830. Atti del Convegno internazionale di studi, Roma, 26-29 maggio 2004.$bDie Kultur des Hammerklaviers 1770-1830. Akten der internationalen Studientagung
=246  31$aKultur des Hammerklaviers 1770-1830$bAkten der internationalen Studientagung
=260  \\$aBologna$bUt Orpheus Edizioni$aRome$bIstituto Storico Austriaco a Roma$c2009
=300  \\$a416 pages$billustrations (some color)$c25 cm$eCD
=490  \\$aQuaderni Clementiani$v3
=500  \\$aInternational conference proceedings.
=500  \\$a10 Italian, 6 German, 1 French, 3 English contributions.
=504  \\$aIncludes bibliographical references and index.
=648  \0$a18th Century (1701-1800)$1http://www.wikidata.org/entity/Q7015$920899
=648  \0$a19th Century (1801-1900)$1http://www.wikidata.org/entity/Q6955$920935
=650  \0$aPiano$1http://www.wikidata.org/entity/Q5994$92127
=650  \0$aKeyboard instrument$1http://www.wikidata.org/entity/Q52954$92849
=650  \0$aMusic history$1http://www.wikidata.org/entity/Q846047$921373
=942  \\$cBOO
=952  \\$00$10$2ddc$40$6INS_3_000000000000000_3D_BÖSE$70$8INS$912815$aORPH$bORPH$cKTS0$d2020-07-08$eKoopman$i46F30$l0$oINS3.3d BÖSE$p20126888$r2021-01-12 00:00:00$w2021-01-12$yBOO$OKoopman
=999  \\$d12833

