=LDR  01148cam a22002534a 4500
=001  12834
=008  060302s2006\\\\-usa\\\\\\\\\\010\0\eng\\
=041  0\$aeng$ager
=245  00$aOrphei organi antiqui$bEssays in Honor of Harald Vogel
=260  \\$aOrcas$bWestfield Center$c2006
=300  \\$axvi-400 pages$bill.$c25 cm
=546  \\$aIn English and German with summaries in English.
=600  \0$aVogel, Harald$915184
=650  \0$aOrgan$1http://www.wikidata.org/entity/Q1444$92810
=650  \0$aOrgan music$1http://www.wikidata.org/entity/Q2003283$91951
=650  \0$aOrganist$1http://www.wikidata.org/entity/Q765778$94471
=650  \0$aChurch music$1http://www.wikidata.org/entity/Q8812109$92283
=650  \0$aMusic history$1http://www.wikidata.org/entity/Q846047$921373
=700  \\$aJohnson, Cleveland$4edt$915185
=700  \\$aVogel, Harald$4dte$915184
=856  \\$uhttp://www.loc.gov/catdir/toc/ecip0610/2006007517.html$3Table of contents only
=942  \\$cBOO
=952  \\$00$10$2ddc$40$6INS_3_000000000000000_1D$70$8INS$912816$aORPH$bORPH$cKTS0$d2020-07-08$eKoopman$i46F37$oINS3.1d$p20126881$r2021-01-12 00:00:00$w2021-01-12$yBOO
=999  \\$d12834

