=LDR  01275aam a2200241   4500
=001  12836
=005  20251027161127.0
=008  250826s2005\\\\|||a||||\c|||\00|\0\ita\d
=041  \\$aita
=245  \\$aHistria:$bopera d'arte restaurate, da Paolo Veneziano a Tiepolo
=260  \\$aTrieste$bCivico Museo Revoltella$c2005
=500  \\$aExhibition catalogue, Civico Museo Revoltella, Trieste, 23.6.2005-8.1.2006
=600  \0$aTiepolo, Giovanni Battista$d1696-1770$1http://www.wikidata.org/entity/Q186202$914601
=600  \0$aVeneziano, Paolo$d1300-1365$1http://www.wikidata.org/entity/Q741062$941670
=648  \0$aRenaissance (1400-1600)$1http://www.wikidata.org/entity/Q4692$920965
=648  \0$a17th Century (1601-1700)$1http://www.wikidata.org/entity/Q7016$920923
=648  \0$a18th Century (1701-1800)$1http://www.wikidata.org/entity/Q7015$920899
=650  \0$aFine art$1http://www.wikidata.org/entity/Q219625$921579
=650  \0$aConservation and restoration$1http://www.wikidata.org/entity/Q217102$922845
=651  \0$aItaly$1http://www.wikidata.org/entity/Q38$922
=942  \\$cBOO
=952  \\$00$10$2ddc$40$6TOP_IT_4_000000000000000$70$8TOP$912818$aORPH$bORPH$cKTS0$d2020-07-08$eKoopman$i46G07$l0$oTOP IT 4$p20127009$r2021-01-12 00:00:00$w2021-01-12$yBOO$OKoopman
=999  \\$d12836

