=LDR  01195aam a2200241   4500
=001  12839
=005  20251003085459.0
=008  250310s2005\\\\|||aof||\bc||\001\0|ger\d
=041  \\$ager
=100  \\$aReihlen, Helmut$4edt$939866
=245  \\$aLiturgische Gewänder und andere Paramente im Dom zu Brandenburg
=260  \\$c2005$aRegensburg$bDomstift Brandenburg$bAbegg-Stiftung
=300  \\$a496 pages
=610  \0$aDom zu Brandenburg (Brandenburg an der Havel, Germany)$1http://www.wikidata.org/entity/Q1236555$939868
=650  \0$aParament$1http://www.wikidata.org/entity/Q154262$939865
=650  \0$aCatalogue$1http://www.wikidata.org/entity/Q2352616$1http://www.wikidata.org/entity/Q6941730$921484
=650  \0$aApplied arts$1http://www.wikidata.org/entity/Q2865882$921627
=650  \0$aLiturgy$1http://www.wikidata.org/entity/Q172331$92284
=650  \0$aCatholicism$1http://www.wikidata.org/entity/Q1841$921631
=651  \0$aBrandenburg (Germany)$1http://www.wikidata.org/entity/Q1208$922771
=942  \\$cBOO
=952  \\$00$10$2ddc$40$6TOP_DE_BRA2$70$8TOP$912821$aORPH$bORPH$cKTS0$d2020-07-08$eKoopman$i46G22$l0$oTOP DE.BRA2$p20126988$r2021-01-12 00:00:00$w2021-01-12$yBOO$OKoopman
=999  \\$d12839

