=LDR  01366    a2200229   4500
=001  12840
=008  250507s1908\\\\||||||||\||||\00|\0\dan\d
=041  \\$adan
=245  \\$aDanske Magazin$bIndeholdene Bidrag til den Danske Histories og det Danske Sprogs Oplysning.$nfemte raekke: sjette binds, tredie hefte
=260  \\$c1908$aCopenhagen$bI Kommission hos Gyldendalske boghandel, Nordisk Forlag
=300  \\$a80 pages
=500  \\$aDanish Journal containing contributions to the Enlightenment of Danish History and the Danish Language - 
fifth series: sixth volume, third issue
=500  \\$apublished by the Royal Danish Society for the History and Language of the Fatherland
=590  \\$audgivet af dt Kongelge danske selskab for faedrelandets historie og sprog 
=648  \0$a16th Century (1501-1600)$1http://www.wikidata.org/entity/Q7017$920944
=648  \0$a17th Century (1601-1700)$1http://www.wikidata.org/entity/Q7016$920923
=648  \0$a18th Century (1701-1800)$1http://www.wikidata.org/entity/Q7015$920899
=650  \0$aMusic history$1http://www.wikidata.org/entity/Q846047$921373
=651  \0$aDenmark$1http://www.wikidata.org/entity/Q35$921295
=942  \\$cPER
=952  \\$00$10$2ddc$40$6TOP_DK_4_000000000000000$70$8TOP$912822$aORPH$bORPH$cKTS0$d2020-07-08$eKoopman$i46G25$l0$oTOP DK 4$p20126985$r2021-01-12 00:00:00$w2021-01-12$yPER$OKoopman
=999  \\$d12840

