=LDR  01352nam a22002777i 4500
=001  12845
=003  OI
=005  20250120120940.0
=008  140116s2013\\\\it\||||||\\\\|||||\|||||c
=020  \\$a9788898528004
=040  \\$bOI
=041  \7$aita
=245  00$aVerdi e Napoli:$btestimonianze del Conservatorio di Musica San Pietro a Majella
=260  \\$aNaples$bEdizioni del Conservatorio di Musica San Pietro a Majella$c2013
=300  \\$a128 pages$billustrations$c30 cm
=500  \\$aVolume pubblicato in occasione della mostra realizzata presso il Conservatorio dal 21 dicembre 2013 al 28 febbraio 2014 all'interno delle Celebrazioni Verdiane
=600  \0$aVerdi, Giuseppe$d1813-1901$1http://www.wikidata.org/entity/Q7317$922711
=610  \0$aConservatorio San Pietro a Majella (Naples, Italy)$1http://www.wikidata.org/entity/Q368820$927332
=648  \0$a19th Century (1801-1900)$1http://www.wikidata.org/entity/Q6955$920935
=650  \0$aComposer$1http://www.wikidata.org/entity/Q36834$93625
=651  \0$aNaples (Italy)$1http://www.wikidata.org/entity/Q2634$921
=700  \\$aStarita, Lorella$4edt$927415
=700  \\$aSisto, Luigi$4edt$926458
=942  \\$cBOO
=952  \\$00$10$2ddc$40$6BIO_VERD2_E$70$8BIO$912827$aORPH$bORPH$cKTS1_P$d2020-07-08$eKoopman$i47B04$oBIO VERD2 e$p20121510$r2021-01-12 00:00:00$w2021-01-12$yBOO$OKoopman
=999  \\$d12845

