=LDR  01397cam a2200325 a 4500
=001  12846
=008  010214s2000\\\\gw\ac\\\\b\\\\001\0dger\d
=041  \\$ager
=042  \\$alccopycat
=043  \\$ae-gx---
=100  \\$4edt$913504$aRestle, Konstantin
=245  00$aFaszination Klavier.$b300 Jahre Pianofortebau in Deutschland
=246  30$a300 Jahre Pianofortebau in Deutschland
=246  3\$aDreihundert Jahre Pianofortebau in Deutschland
=260  \\$aMunich$aNew York$aLondon$bPrestel$c2000
=300  \\$a239 pages$bill. (some col.)$c31 cm.
=504  \\$aIncludes bibliographical references.
=650  \0$aPiano$1http://www.wikidata.org/entity/Q5994$92127
=650  \0$aKeyboard instrument$1http://www.wikidata.org/entity/Q52954$92849
=650  \0$aOrganology$1http://www.wikidata.org/entity/Q899293$921400
=650  \0$aMusic history$1http://www.wikidata.org/entity/Q846047$921373
=651  \0$aGermany$1http://www.wikidata.org/entity/Q183$9155
=700  \\$4ctb$912847$aCsampai, Attila$d-1949
=700  \\$4ctb$aRummenhöller, Peter$916872
=700  \\$4ctb$aEly, Norbert$926504
=700  \\$4ctb$aKeuchel, Susanne$926505
=700  \\$4ctb$aOppitz, Gerhard$926506
=942  \\$cBOO
=952  \\$00$10$2ddc$40$6INS_3_000000000000000_3A_DE$70$8INS$912828$aORPH$bORPH$cKTS0$d2020-07-08$eKoopman$i47B16$l0$oINS3.3a DE$p20121497$r2021-01-12 00:00:00$w2021-01-12$yBOO$OKoopman
=999  \\$d12846

