=LDR  01131aam a2200253   4500
=001  12848
=005  20251023151043.0
=008  250903s2006\\\\|||afo||\b|||\001\0\eng\d
=041  \\$aeng
=245  \\$aAt Home in Renaissance Italy
=260  \\$aLondon$bVictoria and Albert Museum$c2006
=300  \\$a420 pages
=648  \0$aRenaissance (1400-1600)$1http://www.wikidata.org/entity/Q4692$920965
=650  \0$aInterior design$1http://www.wikidata.org/entity/Q179232$921367
=650  \0$aCultural history$1http://www.wikidata.org/entity/Q858517$922395
=650  \0$aSociology$1http://www.wikidata.org/entity/Q21201$924938
=650  \0$aApplied arts$1http://www.wikidata.org/entity/Q2865882$921627
=651  \0$aItaly$1http://www.wikidata.org/entity/Q38$922
=700  \\$aAjmar-Wollheim, Marta$1http://www.wikidata.org/entity/Q124639601$4edt$941115
=700  \\$aDennis, Flora$4edt$941116
=700  \\$aMiller, Elizabeth$4edt$941117
=942  \\$cBOO
=952  \\$00$10$2ddc$40$6TOP_IT_4_000000000000000$70$8TOP$912830$aORPH$bORPH$cKTS0$d2020-07-08$eKoopman$l0$oTOP IT 4$p20121484$r2021-01-12 00:00:00$w2021-01-12$yBOO$OKoopman
=999  \\$d12848

