=LDR  03619aam a2200397   4500
=001  12849
=008  230330s1997\\\\|||a||||\||||\00|\0bger\d
=041  \\$ager
=245  \\$aMoritz der Gelehrte:$bEin Renaissancefürst in Europa
=260  \\$aEurasburg$bEdition Minerva$c1997
=300  \\$a431 pages
=505  \\$gEinleitung -- Moritz der Gelehrte – Höfische Erziehung und fürstliches Weltbild um 1600 / Heiner Borggrefe -- Hofstaat und Landesherrschaft unter Landgraf Moritz von Hessen-Kassel / Uta Löwenstein -- Die Einführung der Zweiten Reformation und die Bilderfrage / Gerhard Menk & Birgit Kümmel -- Die Mauritianische Außenpolitik 1592-1627 / Holger Th. Gräf -- Die Beziehungen zwischen König Heinrich IV. von Frankreich und Landgraf Moritz / Gerhard Menk -- Höfisches Fest und internationale Politik / Horst Nieder -- Das Buffet Moritz des Gelehrten / Hans Ottomeyer -- Die Kunst- und Wunderkammer Moritz des Gelehrten / Birgit Kümmel -- »Apelles läßt nimmer ein tag vorüber, daß er nicht ein linea gezogen habe« – Malerei und bildende Kunst am Kasseler Hof / Heiner Borggrefe -- »... uns ein BIBLIOTHECAM ARCHITECTONICAM zu machen« – Die Architekturzeichnungen des Langrafen Moritz / Ulrike Hanschke -- »die ganze Compagnie der fürstlichen Music« – Zur Kasseler Hofkapelle / Michael W. Schmidt -- Theater am Hofe des Landgrafen Moritz  / Fritz Wolff -- »Literarum et Literatorum sommus« – Europäische Dichtung und Sprachen am Hofe Moritz des Gelehrten / Dieter Merzbacher -- Moritz der Gelehrte als Rosenkreuzer und die »Generalreformation der gantzen weiten Welt« / Heiner Borggrefe -- Moritz der Gelehrte und die Alchemie / Bruce Th. Moran -- Kunst und Alchemie / Thomas DaCosta-Kaufmann -- Die Kasseler Wissenschaftskammer oder die Vermessung des Himmels, der Erde und der Zeit / Ludolf von Mackensen -- Das Monumentum Sepulchrale: ein Funeralwerk im Dienste dynastischer Selbstdarstellung / Jill Bepler
=600  \0$aMoritz von Hessen-Kassel$d1572-1632$1http://www.wikidata.org/entity/Q551420$925981
=600  \0$aSchütz, Heinrich$d1585-1672$1http://www.wikidata.org/entity/Q153643$97240
=648  \0$a16th Century (1501-1600)$1http://www.wikidata.org/entity/Q7017$920944
=648  \0$a17th Century (1601-1700)$1http://www.wikidata.org/entity/Q7016$920923
=650  \0$aComposer$1http://www.wikidata.org/entity/Q36834$93625
=650  \0$aPatronage$1http://www.wikidata.org/entity/Q214092$94245
=650  \0$aCourt$922191
=650  \0$aCollecting$1http://www.wikidata.org/entity/Q208165$92117
=650  \0$aXylophone$1http://www.wikidata.org/entity/Q165666$922451
=650  \0$aArchitecture$1http://www.wikidata.org/entity/Q12271$93185
=650  \0$aLibrary$1http://www.wikidata.org/entity/Q7075$94229
=650  \0$aApplied arts$1http://www.wikidata.org/entity/Q2865882$921627
=650  \0$aMusic history$1http://www.wikidata.org/entity/Q846047$921373
=650  \0$aCuckoo$1http://www.wikidata.org/entity/Q18845$922474
=650  \0$aTheater history$1http://www.wikidata.org/entity/Q1061140$94607
=650  \0$aProtestantism$1http://www.wikidata.org/entity/Q23540$921012
=650  \0$aAlchemy$1http://www.wikidata.org/entity/Q39689$922115
=651  \0$aKassel (Germany)$1http://www.wikidata.org/entity/Q2865$923932
=700  \\$4edt$925977$aBorggrefe, Heiner
=700  \\$4edt$aFusenig, Thomas$925978
=700  \\$4edt$aSchunicht-Rawe, Anne$925979
=942  \\$cBOO
=952  \\$00$10$2ddc$40$6BIO_MORI_D$70$8BIO$912831$aORPH$bORPH$cKTS1_P$d2020-07-08$eKoopman$i47B29$oBIO MORI d$p20121482$r2024-01-24 00:00:00$w2021-01-12$yBOO$OKoopman
=999  \\$d12849

