=LDR  00351    a2200109   4500
=001  12850
=020  \\$a9040091927
=245  \\$aVorstelijk Verzameld
=260  \\$c1998
=942  \\$cBOO
=952  \\$00$10$2ddc$40$6BIO_FRED_C$70$8BIO$912832$aORPH$bORPH$cKTS1_P$d2020-07-08$eKoopman$i47B30$oBIO FRED c$p20121481$r2021-01-12 00:00:00$w2021-01-12$yBOO$OKoopman
=999  \\$c12850$d12850

