=LDR  02217aab a2200217   4500
=001  12852
=008  250228m20012003|||a||m|\||||\00|\0\ger\d
=020  \\$a9783476018724
=100  \\$aGünther, Georg$4edt$911310
=245  \\$aMusik in Baden-Württemberg.$bJahrbuch 2001 (Band 8) & 2003 (Band 11)
=260  \\$c2001; 2003$aStuttgart$bMetzler
=300  \\$a2 vols. (284+324 pages)$billustrations, portraits, music, plates, photographs
=520  \\$a2001 (Band 8): Comprehensive studies on the life and work of female composers in Heidelberg and Karlsruhe form the focus of this year's yearbook. Other studies deal with Stuttgart court and church music from the 16th to the 20th century, Sigmund Hemmel's psaltery compositions, Johann Jakob Froberger's harpsichord suites, Johann Sigismund Kusser's sonatas, Johann Rudolf Zumsteeg's church cantatas and the reception of Giuseppe Verdi's works. Studies on Johann Samuel Welter and Ignaz Holzbauer round off the biographical and work analysis section. The essay section is supplemented by reviews of current publications (books, sheet music, recordings), the state music bibliography, the directory ‘New and restored organs’ and reports from the music departments of the state libraries in Karlsruhe and Stuttgart. 
=520  \\$aThe yearbook 2003 has two main focuses: on the one hand the church music tradition in the 18th and 19th centuries with articles on Meingosus Gaelle, Justin Heinrich Knecht and Samuel Gottlieb Auberlen, among others, and on the other hand the repertoire of the Stuttgart Court Opera in the 19th century with articles on Berlioz and Auber. 
=650  \0$aMusic history$1http://www.wikidata.org/entity/Q846047$921373
=650  \0$aFemale$1http://www.wikidata.org/entity/Q6581072$921764
=651  \0$aBaden-Württemberg (Germany)$1http://www.wikidata.org/entity/Q985$922802
=942  \\$cBOO
=952  \\$00$10$2ddc$32001$40$6TOP_DE_BAD$70$8TOP$912834$aORPH$bORPH$cKTS0$d2020-07-08$eKoopman$i47C17$l0$oTOP DE.BAD$p20123734$r2021-01-12 00:00:00$w2021-01-12$yBOO$OKoopman
=952  \\$00$10$2ddc$32003$40$6TOP_DE_BAD$70$8TOP$926493$aORPH$bORPH$cKTS0$d2020-07-08$eKoopman$i46A15$l0$oTOP DE.BAD$p20127582$r2025-02-28 09:51:02$w2021-01-12$yBOO
=999  \\$d12852

