=LDR  01279pam a2200277 a 4500
=001  12853
=008  971001s1998\\\\-uka\\\\\b\\\\001\0\eng\\
=020  \\$a0521573092 (hardback)
=020  \\$a0521575842 (pbk.)
=041  \\$aeng
=245  04$aThe Cambridge Companion to the Organ
=260  \\$aCambridge $aNew York $bCambridge University Press$c1998
=300  \\$axiv-340 pages$bill. $c26 cm
=490  \\$aCambridge companions to music
=504  \\$aIncludes bibliographical references (p. 322-331) and index.
=650  \0$aOrgan$1http://www.wikidata.org/entity/Q1444$92810
=650  \0$aOrgan music$1http://www.wikidata.org/entity/Q2003283$91951
=650  \0$aMusic history$1http://www.wikidata.org/entity/Q846047$921373
=700  \\$aThistlethwaite, Nicholas$4edt$915194
=700  \\$aWebber, Geoffrey$4edt$915195
=856  \\$uhttp://www.loc.gov/catdir/samples/cam031/97041723.html$3Sample text
=856  \\$uhttp://www.loc.gov/catdir/toc/cam024/97041723.html$3Table of contents
=856  \\$uhttp://www.loc.gov/catdir/description/cam028/97041723.html$3Publisher description
=942  \\$cBOO
=952  \\$00$10$2ddc$40$6INS_3_000000000000000_1A$70$8INS$912835$aORPH$bORPH$cKTS0$d2020-07-08$eKoopman$i47C20$oINS3.1a$p20123732$r2021-01-12 00:00:00$w2021-01-12$yBOO
=999  \\$d12853

