=LDR  03301    a2200397   4500
=001  12854
=005  20251003085459.0
=008  220125s2012\\\\||||||||\||||\10|\0dmul\d
=020  \\$a9788877023292
=041  \\$aita$aeng
=100  \\$aCarideo, Armando$4edt$910113
=245  \\$aAtti Pasquini Symposium:$bConvegno internazionale - Smarano, 27-30 maggio 2020
=260  \\$aTrento$bGiunta della Provincia autonoma di Trento$c2012
=490  \\$aQuaderni Trentino Cultura, Cultura per il territorio$v17
=505  \\$gI cembalari della Roma di Bernardo Pasquini: un censimento, con aggiornamenti sui loro strumenti / P. Barbieri -- Pasquini e l'improvvisazione: un approccio pedagogico / E. Bellotti & B. Porter -- Variation im 17. und 18. Jahrhundert in Italien und Deutschland - acht Streiflichter / C. Bossert -- L'opera per tastiera di Bernardo Pasquini nel passaggio tra "lo stile deglie antiche" e "gli stili dei moderni e dei modernissimi" / A. Carideo -- La musica nel principato vescovile di Trento ai tempi di Andrea Pozzo e Bernardo Pasquini / A. Carlini -- Organi e cembali all'ottava bassa nella Roma del Seicento: indizi su un aspetto ignorato di prassi esecutiva? / P. P. Donati -- Gli oratori di Bernardo Pasquini come opere su commissione per l'aristocrazia romana / S. Ehrmann-Herfort -- A Source of Pasquini Partimenti in Naples /  R. Gjerdingen -- Affetti cantabili from Frescobaldi to Pasquini / M. Guido -- Catalogo delle cantate di Bernardo Pasquini / A. Nigito -- Contributo all'iconografia di Bernardo Pasquini / R. Pancheri -- Queen Christina and Roman Music in Northern Europe: A Tale of Two Cities / K. J. Snyder -- Bernardo Pasquini's Cuckoo: An Opera for Keyboard in One Act / J. Speerstra
=600  \0$aPasquini, Bernardo$d1637-1710$1http://www.wikidata.org/entity/Q355191$921429
=600  \0$aFrescobaldi, Girolamo$d1583-1643$1http://www.wikidata.org/entity/Q209212$910961
=600  \0$aChristina of Sweden$d1626-1689$1http://www.wikidata.org/entity/Q52937$921480
=648  \0$a17th Century (1601-1700)$1http://www.wikidata.org/entity/Q7016$920923
=648  \0$a18th Century (1701-1800)$1http://www.wikidata.org/entity/Q7015$920899
=650  \0$aInstrumentalist$1http://www.wikidata.org/entity/Q1278335$921706
=650  \0$aHarpsichord$1http://www.wikidata.org/entity/Q81982$92125
=650  \0$aOrgan$1http://www.wikidata.org/entity/Q1444$92810
=650  \0$aComposer$1http://www.wikidata.org/entity/Q36834$93625
=650  \0$aImprovisation$1http://www.wikidata.org/entity/Q1049625$93640
=650  \0$aKeyboard music$1http://www.wikidata.org/entity/Q105715630$921412
=650  \0$aPartimento$1http://www.wikidata.org/entity/Q2054960$921242
=650  \0$aEmotion$1http://www.wikidata.org/entity/Q9415$921566
=650  \0$aCantata$1http://www.wikidata.org/entity/Q174873$921603
=650  \0$aCatalogue$1http://www.wikidata.org/entity/Q2352616$921484
=650  \0$aIconography$1http://www.wikidata.org/entity/Q208145$921259
=651  \0$aRome (Italy)$1http://www.wikidata.org/entity/Q220$949
=651  \0$aTrento (Italy)$1http://www.wikidata.org/entity/Q3376$923560
=942  \\$cBOO
=952  \\$00$10$2ddc$40$6BIO_PASQ_E$70$8BIO$912836$aORPH$bORPH$cKTS1_P$d2020-07-08$eKoopman$i47C22$oBIO PASQ e$p20123730$r2021-01-12 00:00:00$w2021-01-12$yBOO
=999  \\$d12854

