=LDR  02192cam a2200337 a 4500
=001  12856
=005  20250121142129.0
=008  111102s2010\\\\be\ag\\g\b\\\\001\0dfre\d
=010  \\$a  2012387327
=020  \\$a9782804700614 (pbk.)
=020  \\$a2804700615 (pbk.)
=040  \\$aOI
=041  \\$afre
=100  \\$4edt$aDuron, Jean$920615
=245  00$aAndré Campra (1660-1744) :$bun musicien provençal à Paris
=260  \\$aWavre$bMardaga$c2010
=300  \\$a207 pages$billustrations, music$c24 cm
=490  1\$aRegards sur la musique
=504  \\$aIncludes bibliographical references (p. 195-196) and index.
=505  0\$aAndré Campra : portrait d'un jeune musicien provençal à la conquête de Paris / Jean Duron -- Réseaux aixois, provençaux et méridionaux autour de Campra / Frédéric d'Agay -- La jeunesse provençale de Campra : une ferveur baroque / Régis Bertrand -- L'arrivée d'André Campra à Paris et la réception de son œuvre par ses contemporains / Jean-Philippe Goujon -- Aix et Paris : habitus visuels, stratégies de carrière et mémoires du lieu dans les relations aristiques entre les deux capitales / Olivier Bonfait -- André Campra, musicien des princes : 1697-1725 / Thomas Vernet -- La Chapelle royale de Versailles à l'époque de Campra / Alexandre Maral -- Existe-t-il une musique méridionale française au temps d'André Campra? / Jean-Christophe Maillard.
=600  \0$aCampra, André$d1660-1744$1http://www.wikidata.org/entity/Q313860$95039
=648  \0$a17th Century (1601-1700)$1http://www.wikidata.org/entity/Q7016$920923
=648  \0$a18th Century (1701-1800)$1http://www.wikidata.org/entity/Q7015$920899
=650  \0$aBiography$1http://www.wikidata.org/entity/Q36279$91927
=650  \0$aComposer$1http://www.wikidata.org/entity/Q36834$93625
=650  \0$aOpera$1http://www.wikidata.org/entity/Q1344$92468
=650  \0$aBallet$1http://www.wikidata.org/entity/Q41425$94412
=651  \0$aParis (France)$1http://www.wikidata.org/entity/Q90$9160
=942  \\$cBOO
=952  \\$00$10$2ddc$40$6BIO_CAMP_E$70$8BIO$912838$aORPH$bORPH$cKTS1_P$d2020-07-08$eKoopman$i47D24$oBIO CAMP e$p20123691$r2021-01-12 00:00:00$w2021-01-12$yBOO
=999  \\$d12856

