=LDR  00349    a2200109   4500
=001  12857
=020  \\$a9783869167305
=245  \\$aKonfrontationen
=260  \\$c2018
=942  \\$cBOO
=952  \\$00$10$2ddc$40$6BIO_BRAH_E$70$8BIO$912839$aORPH$bORPH$cKTS1_P$d2020-07-08$eKoopman$i47D27$oBIO BRAH e$p20123688$r2021-01-12 00:00:00$w2021-01-12$yBOO$OKoopman
=999  \\$c12857$d12857

