=LDR  00318    a2200097   4500
=001  12858
=245  \\$aJohann Sebastian Bach
=260  \\$c1950
=942  \\$cBOO
=952  \\$00$10$2ddc$40$6BIO_BACH1_D$70$8BIO$912840$aORPH$bORPH$cKTS1_P$d2020-07-08$eKoopman$i47D28$oBIO BACH1 d$p20123687$r2021-01-12 00:00:00$w2021-01-12$yBOO
=999  \\$c12858$d12858

