=LDR  00594    a2200133   4500
=001  12861
=008  210826t1962\\\\\\\|||||\||||\00|\0\eng\d
=100  \\$aLaRue, Jan$d1918-2004$1http://www.wikidata.org/entity/Q59529710$916099
=245  \\$a International Musicological Society. Report of the Eighth Congress, New York 1961.$bVol II - Reports
=260  \\$c1962$aKassel$bBärenreiter
=300  \\$a184 pages
=942  \\$cBOO
=952  \\$00$10$2ddc$40$6REF_3_000000000000000_LARU$70$8REF$912843$aORPH$bORPH$cKM12_1$d2020-07-08$eKoopman$i47D45-2$oREF3 LARU$p20123669$r2021-01-12 00:00:00$w2021-01-12$yBOO
=999  \\$d12861

