=LDR  01208aam a2200253   4500
=001  12865
=008  250519s2013\\\\|||aoe||\||||\00|\0\fre\d
=020  \\$a9788498504910
=041  \\$afre$hcat
=245  \\$aEl Born CC
=246  \1$aEl Born Centre Culturel
=260  \\$c2013$aBarcelona$bAjuntament de Barcelona
=300  \\$a71 pages
=500  \\$aContains manuscript dedecation to Ton Koopman "Pour toi, pour connaitre un peu mieux Barcelona. Met liefde, Mireilla"
=648  \0$a18th Century (1701-1800)$1http://www.wikidata.org/entity/Q7015$920899
=648  \0$a21st Century (2001-2100)$1http://www.wikidata.org/entity/Q6939$920812
=650  \0$aArcheology$1http://www.wikidata.org/entity/Q23498$94082
=650  \0$aUrban design$1http://www.wikidata.org/entity/Q63100$939883
=650  \0$aMilitary history$1http://www.wikidata.org/entity/Q192781$93874
=650  \0$aCultural history$1http://www.wikidata.org/entity/Q858517$922395
=651  \0$aBarcelona (Spain)$1http://www.wikidata.org/entity/Q1492$925739
=942  \\$cBOO
=952  \\$00$10$2ddc$40$6TOP_ES_BAR$70$8TOP$912847$aORPH$bORPH$cKTS0$d2020-07-08$eKoopman$i47E11$l0$oTOP ES.BAR$p20123656$r2021-01-12 00:00:00$w2021-01-12$yBOO$OKoopman
=999  \\$d12865

