=LDR  00976cam a22002534a 4500
=001  12866
=003  OSt
=005  20250120120152.0
=008  051123s2005\\\\ne\a\\\\\b\\\\010\0ddut\\
=020  \\$a9030410914
=040  \\$aOI
=041  \\$adut
=245  00$aDoor mensen gezongen :$bliturgische muziek in portretten /$cMartin Hoondert ... [et al.] (red.).
=260  \\$aKampen :$bGooi en Sticht,$c2005.
=300  \\$a336 pages$bill. ;$c24 cm.
=490  0\$aMeander ;$v7
=650  \0$aChurch music$1http://www.wikidata.org/entity/Q8812109$92283
=650  \0$aMusician$1http://www.wikidata.org/entity/Q639669$93574
=700  \\$aHoondert, Martin J. M.$d-1967$915200
=700  \\$aVernooij, Anton$d1940-$915201
=942  \\$cBOO$2ddc
=952  \\$00$10$2ddc$40$6GEN_2_000000000000000$70$8GEN$912848$aORPH$bORPH$cKM12_1$d2020-07-08$eKoopman$l0$oGEN 2$p20123654$r2021-01-12 00:00:00$w2021-01-12$yBOO
=999  \\$c12866$d12866
=651  \0$aNetherlands$1http://www.wikidata.org/entity/Q55$9173

