=LDR  01388cam a2200289 a 4500
=001  12867
=005  20250926135309.0
=008  100503s2010\\\\miuag\\\\b\\\\010\0\eng\\
=020  \\$a9780981985015 (alk. paper)
=020  \\$a0981985017 (alk. paper)
=040  \\$aOI
=041  0\$aeng$ager
=245  00$aEr ist der Vater, wir sind die Bub'n :$bessays in honor of Christoph Wolff /$cedited by Paul Corneilson and Peter Wollny.
=260  \\$aAnn Arbor [Mich.] :$bSteglein Pub.,$cc2010.
=300  \\$axiv, 234 p. :$bill., music ;$c25 cm.
=504  \\$aIncludes bibliographical references.
=546  \\$aArticles in English and German.
=600  \0$aBach, Carl Philipp Emanuel$d1714-1788$1http://www.wikidata.org/entity/Q76428$99218
=650  \0$aMusic history$1http://www.wikidata.org/entity/Q846047$921373
=700  \\$aCorneilson, Paul E.$99288
=700  \\$aWollny, Peter$d1961-$1http://www.wikidata.org/entity/Q95339065$915578
=700  \\$aWolff, Christoph$d1940-$1http://www.wikidata.org/entity/Q66488$910387
=942  \\$cBOO
=952  \\$00$10$2ddc$40$6BIO_BACH2_E$70$8BIO$912849$aORPH$bORPH$cKTS1_P$d2020-07-08$eKoopman$i47E21$l1$oBIO BACH2 e$p20123646$r2023-05-25 00:00:00$s2023-05-25$w2021-01-12$yBOO
=999  \\$c12867$d12867
=648  \0$a18th Century (1701-1800)$1http://www.wikidata.org/entity/Q7015$920899
=650  \0$aMusic history$1http://www.wikidata.org/entity/Q846047$921373

