=LDR  00863aam a2200181   4500
=001  12868
=008  210819t1973\\\\||||||||\||||\01|\0\ger\d
=041  \\$ager
=100  \\$aSchering, Arnold$d1877-1941$4dte$1http://www.wikidata.org/entity/Q67576$97759
=245  \\$aFestschrift Arnold Schering zum sechzigsten Geburtstag
=260  \\$aHildesheim$aNew York$bOlms$c1937
=300  \\$a274 pages
=700  \\$4edt$aOsthoff, Helmuth$d1896-1983$1http://www.wikidata.org/entity/Q1604435$921857
=700  \\$4edt$aSerauky, Walter$d1903-1959$1http://www.wikidata.org/entity/Q20734136$914036
=700  \\$4edt$aAdrio, Adam$d1901-1973$1http://www.wikidata.org/entity/Q348555$922059
=942  \\$cBOO
=952  \\$00$10$2ddc$40$6REF_4_000000000000000_SCHE$70$8REF$912850$aORPH$bORPH$cKM12_1$d2020-07-08$eKoopman$i47E24$oREF4 SCHE$p20123643$r2021-01-12 00:00:00$w2021-01-12$yBOO
=999  \\$d12868

