=LDR  05440aam a2200661   4500
=001  12869
=008  241212s1965\\\\|||gf|||\||||\10|\0dger\d
=041  \\$ager
=245  \\$aNorddeutsche und nordeuropäische Musik.$bReferate der Kieler Tagung 1963
=260  \\$aKassel$bBärenreiter$c1965
=300  \\$a128 pages
=490  \\$aKieler Schriften zur Musikwissenschaft$v16
=505  \\$gRomantisch-nationale Strömungen in deutscher und skandinavischer Musik / I. Bengtsson -- Johann Sebastiani (1622-1683) und die Musik in Königsberg / W. Braun -- Über das Verhältnis von Komposition und Ausführung in der norddeutschen Orgel-Choralbearbeitung des 17. Jahrhunderts / W. Breig -- Cribrum musicum: Der Streit zwischen Scacchi und Siefert / C. Dahlhaus -- Aktuelle Tendenzen in der schwedischen Musikpädagogik / H. Epstein -- Die Datierungen der Dübensammlung / B. Grusnick -- Musik an der Kieler Universität / K. Gudewill -- Über Beziehungen zwischen deutscher und norwegischer Musik / O. Gurvin -- Musikalische Zusammenhänge zwischen Dänemark und Schleswig-Holstein im 19. Jahrhundert / G. Hahne -- Buxtehudes Membra / D. Kilian -- Gottorfer Bestände in der Sammlung Bokemeyer / H. Kümmerling -- Zur Editionstechnik von Musik des 17. Jahrhunderts / M. Reiman -- Strenger und freier Stil in der nord- und süddeustchen Musik für Tasteinstrumente des 17. Jahrhunderts / F. W. Riedel -- Nachwirkungen der Lobwasserpsalter in Dänemark / N. Schirring -- Von Musik und Musikern im deutschen Osten. Nach unveröffentlichten Briefen an Robert Schumann aus den Jahren 1834 bis 1853 / W. Schwarz -- Allgemeines über den dänischen protestantischen Kirchengesang / S. Sörensen -- Volkslieder in Schleswig-Holstein / W. Wittrock
=600  \0$aLobwasser, Ambrosius$d1515-1585$1http://www.wikidata.org/entity/Q73956$95226
=600  \0$aSiefert, Paul$d1586-1666)$1http://www.wikidata.org/entity/Q462070$939312
=600  \0$aScacchi, Marco$d1602-1662$1http://www.wikidata.org/entity/Q1357654$939313
=600  \0$aSebastiani, Johann$d1622-1683$1http://www.wikidata.org/entity/Q324041$914011
=600  \0$aBuxtehude, Dietrich$d1637-1707$1http://www.wikidata.org/entity/Q153637$910062
=600  \0$aSchumann, Robert$d1810-1856$1http://www.wikidata.org/entity/Q7351$913977
=610  \0$aKaliningrad (Russia)$1http://www.wikidata.org/entity/Q1829$939311
=610  \0$aDüben collection (Uppsala, Sweden)$1http://www.wikidata.org/entity/Q947393$939309
=610  \0$aChristian-Albrechts-Universität Kiel (Germany)$1http://www.wikidata.org/entity/Q156737$91698
=610  \0$aSchloss Gottorf (Schleswig, Germany)$1http://www.wikidata.org/entity/Q647987$923425
=648  \0$a17th Century (1601-1700)$1http://www.wikidata.org/entity/Q7016$920923
=648  \0$a19th Century (1801-1900)$1http://www.wikidata.org/entity/Q6955$920935
=650  \0$aMusic history$1http://www.wikidata.org/entity/Q846047$921373
=650  \0$aRomanticism$1http://www.wikidata.org/entity/Q37068$921719
=650  \0$aNationalism$1http://www.wikidata.org/entity/Q6235$921454
=650  \0$aChorale prelude$1http://www.wikidata.org/entity/Q302987$926339
=650  \0$aPerformance$1http://www.wikidata.org/entity/Q6942562$926223
=650  \0$aOrgan music$1https://www.wikidata.org/entity/Q2003283$1http://www.wikidata.org/entity/Q116958279$91951
=650  \0$aArrangement$1http://www.wikidata.org/entity/Q379755$94282
=650  \0$aMusic criticism$1http://www.wikidata.org/entity/Q11748889$921598
=650  \0$aQuarrel$1http://www.wikidata.org/entity/Q2357965$922897
=650  \0$aMusic education$1http://www.wikidata.org/entity/Q27908$921766
=650  \0$aMembra Jesu Nostri$1http://www.wikidata.org/entity/Q307225$939314
=650  \0$aUrtext edition$1http://www.wikidata.org/entity/Q2564985$923763
=650  \0$aKeyboard music$1http://www.wikidata.org/entity/Q105715630$921412
=650  \0$aCounterpoint$1http://www.wikidata.org/entity/Q186393$921487
=650  \0$aMusical style$1http://www.wikidata.org/entity/Q11921029$92421
=650  \0$aPsalm$1http://www.wikidata.org/entity/Q12497663$92164
=650  \0$aLegacy$1http://www.wikidata.org/entity/Q623282$1https://www.wikidata.org/wiki/Q131429505$922131
=650  \0$aCorrespondence$1http://www.wikidata.org/entity/Q1784733$921392
=650  \0$aChurch music$1http://www.wikidata.org/entity/Q8812109$1http://www.wikidata.org/entity/Q1065742$92283
=650  \0$aProtestantism$1http://www.wikidata.org/entity/Q23540$921012
=650  \0$aFolk music$1http://www.wikidata.org/entity/Q43343$921594
=650  \0$aSong$1http://www.wikidata.org/entity/Q7366$94164
=651  \0$aGermany$1http://www.wikidata.org/entity/Q183$9155
=651  \0$aScandinavia$1http://www.wikidata.org/entity/Q21195$922682
=651  \0$aSweden$1http://www.wikidata.org/entity/Q34$9275
=651  \0$aNorway$1http://www.wikidata.org/entity/Q20$921700
=651  \0$aSchleswig-Holstein (Germany)$1http://www.wikidata.org/entity/Q1194$922805
=651  \0$aDenmark$1http://www.wikidata.org/entity/Q35$921295
=700  \\$aDahlhaus, Carl$d1928-1989$1http://www.wikidata.org/entity/Q62304$4edt$916277
=700  \\$aWiora, Walter$d1906-1997$1http://www.wikidata.org/entity/Q101241$4edt$916876
=942  \\$cBOO
=952  \\$00$10$2ddc$40$6TOP_DE_0_000000000000000$70$8TOP$912851$aORPH$bORPH$cKTS0$d2020-07-08$eKoopman$i47E26$l0$oTOP DE 0$p20123641$r2021-01-12 00:00:00$w2021-01-12$yBOO$OKoopman
=999  \\$d12869

