=LDR  01355cam a2200241 a 4500
=001  12870
=005  20250926134857.0
=008  920811s1991\\\\gw\gh\\\\b\\\\101\0\ger\\
=020  \\$a3764924276
=040  \\$aOI
=111  \\$aBachfest der Neuen Bachgesellschaft$n(65th :$d1990 :$cMunich, Germany)$94738
=245  10$aJohann Sebastian Bach und der süddeutsche Raum :$bAspekte der Wirkungsgeschichte Bachs : Symposion des 65. Bachfestes der Neuen Bachgesellschaft, München 1990 : mit Ansprachen zur Eröffnung des Bachfestes /$cHans-Joachim Schulze, Christoph Wolff (Hrsg.).
=260  \\$aRegensburg :$bG. Bosse,$c1991.
=300  \\$a176 p. :$bmusic, facsims. ;$c25 cm.
=490  1\$aSchriftenreihe der Hochschule für Musik in München ;$vBd. 12
=504  \\$aIncludes bibliographical references and indexes.
=600  \0$aBach, Johann Sebastian$d1685-1750$1http://www.wikidata.org/entity/Q1339$94766
=700  \\$aSchulze, Hans-Joachim$d1934-$1http://www.wikidata.org/entity/Q92055$911725
=700  \\$aWolff, Christoph$d1940-$1http://www.wikidata.org/entity/Q66488$910387
=830  \0$91117$aSchriftenreihe der Hochschule für Musik München ;$vBd. 12.
=942  \\$cBOO
=952  \\$00$10$40$6BIO_BACH1_E$70$8BIO$912852$aORPH$bORPH$cKTS1_P$d2020-07-08$eKoopman$i47E33$oBIO BACH1 e$p20123634$r2021-01-12 00:00:00$w2021-01-12$yBOO$OKoopman
=999  \\$c12870$d12870

