=LDR  01037aam a2200217   4500
=001  12871
=008  230329s2018\\\\|||a||||\||||\00|\0\ita\d
=041  \\$aita
=245  \\$aBottega Scuola Accademia:$bLa pittura a Verona dal 1570 alla peste del 1630
=260  \\$aVerona$bComune di Verona$c2018
=590  \\$aCatalogo della mostra (Verona, 17 novembre 2018-5 maggio 2019)
=648  \0$a16th Century (1501-1600)$1http://www.wikidata.org/entity/Q7017$920944
=648  \0$a17th Century (1601-1700)$1http://www.wikidata.org/entity/Q7016$920923
=650  \0$aFine art$1http://www.wikidata.org/entity/Q219625$921579
=651  \0$aVerona (Italy)$1http://www.wikidata.org/entity/Q2028$921086
=700  \\$4aut$912594$aRossi, Francesca$d-1966
=700  \\$4aut$aMarinelli, Sergio$910503
=700  \\$4aut$925945$aMagnabosco, Michele
=942  \\$cBOO
=952  \\$00$10$2ddc$40$6TOP_IT_VER_4_000000000000000$70$8TOP$912853$aORPH$bORPH$cKTS0$d2020-07-08$eKoopman$i47E35$l0$oTOP IT.VER 4$p20123832$r2021-01-12 00:00:00$w2021-01-12$yBOO$OKoopman
=999  \\$d12871

