=LDR  03047cam a2200325 i 4500
=001  12873
=005  20250314170918.0
=008  190324t20182018gw\agh\\\b\\\\101\0\ger\d
=020  \\$a3937788557
=020  \\$a9783937788555$q(paperback)
=040  \\$aOI
=041  \\$ager
=245  00$aMelchior Vulpius:$bBeiträge zu Leben, Werk und Wirkung
=260  \\$aBeeskow$bOrtus$c2018
=300  \\$av-105 pages$billustration, music, facsimiles$c24 cm
=490  1\$aForum Mitteldeutsche Barockmusik$v10
=504  \\$aIncludes bibliographical references and indexes
=505  0\$aVorwort -- Weimar um 1600 : die Stadt und die Herzöge / Astrid Ackermann -- Die Sammlung KirchenGeseng und Geistliche Lieder D. Martini Lutheri und anderer frommen Christen (1604) von Melchior Vulpius / Jürgen Heidrich -- Die Evangelienspruchmotetten des Melchior Vulpius / Erik Dremel -- Zwei Pater noster-Vertonungen von Melchior Vulpius und die Missa V. vocum super Pater noster qui es in Coelis Melchioris Vulpii von Georg Vintz / Franz Kaern-Biederstedt -- Gegenwart : zu zwei Sätzen aus Melchior Vulpius' Opusculum / Gesine Schröder -- Der Blick durch das historische Schlüsselloch : ein Gelegenheitswerk von Melchior Vulpius / Angelika Silberbauer -- Das Musicae compendium latino germanicum von Faber/Vulpius : Versuch einer Lese(r)geschichte / Inga Mai Groote -- Von der Besonderheit des Repräsentativen : Stationen der Vulpius-Rezeption im 17. bis 20. Jahrhundert / Kai Marius Schabram
=520  8\$aAm 7. August 2015 jährte sich der Todestag des Weimarer Kirchen- und Stadtkantors Melchior Vulpius (* um 1570, + 1615) zum vierhundertsten Mal. Aus diesem Anlass fand am 19. und 20. Juni 2015 eine Tagung im Schloss Elisabethenburg zu Meiningen statt, die sich dem Leben, Werk und historischen Kontext des Komponisten widmete. Die Referate, die hier gesammelt vorliegen, nahmen dabei u. a. das geistliche und weltliche Schaffen Vulpius' in den Blick. Neben Annäherungen an die historische Lebenswelt von Vulpius standen zudem Rezeptionsaspekte im Vordergrund der Diskussion, die zusammengenommen einen Beitrag dazu leisten wollten, das bis heute nur in Ausschnitten bekannte Wirken dieses zu seiner Zeit "weitberühmbten Musicus" um neue Erkenntnisse der Musikwissenschaft und -theorie zu bereichern.
=600  \0$aVulpius, Melchior$d1570-1615$1http://www.wikidata.org/entity/Q702277$97928
=648  \0$a16th Century (1501-1600)$1http://www.wikidata.org/entity/Q7017$920944
=648  \0$a17th Century (1601-1700)$1http://www.wikidata.org/entity/Q7016$920923
=650  \0$aComposer$1http://www.wikidata.org/entity/Q36834$93625
=650  \0$aBiography$1http://www.wikidata.org/entity/Q36279$91927
=651  \0$aGermany$1http://www.wikidata.org/entity/Q183$9155
=700  \\$aGoltz, Maren$4edt$915203
=700  \\$aSchabram, Kai Marius$d1981-$4edt$915204
=942  \\$cBOO
=952  \\$00$10$2ddc$40$6BIO_VULP_D$70$8BIO$912855$aORPH$bORPH$cKTS1_P$d2020-07-08$eKoopman$i47F03$oBIO VULP d$p20123806$r2021-01-12 00:00:00$w2021-01-12$yBOO$OKoopman
=999  \\$d12873

