=LDR  00812cam a2200229 a 4500
=001  12874
=005  20250120115931.0
=008  830419s1982\\\\gw\g\\\\\b\\\\100\0\ger\\
=020  \\$a3883730203
=040  \\$aOI
=041  \\$ager
=100  \\$4edt$aFeder, Georg$914931
=245  00$aQuellenforschung in der Musikwissenschaft 
=260  \\$aWolfenbüttel$bHerzog August Bibliothek$c1982
=300  \\$a160 pages
=490  \\$aWolfenbütteler Forschungen$v15
=504  \\$aIncludes bibliographical references.
=650  \0$aMusic$92062
=710  \\$aHerzog August Bibliothek (Wolfenbüttel, Germany)$91683
=942  \\$cBOO
=952  \\$00$10$2ddc$40$6MTP_3_000000000000000_FEDE$70$8MTP$912856$aORPH$bORPH$cKM12_1$d2020-07-08$eKoopman$i47F07$l0$oMTP3 FEDE$p20123802$r2021-01-12 00:00:00$w2021-01-12$yBOO
=999  \\$c12874$d12874

