=LDR  01184pam a2200265 a 4500
=001  12875
=005  20250120120212.0
=008  060120s2005\\\\enka\\\\\b\\\\001\0\eng\\
=020  \\$a9780521019439 (pbk.)
=020  \\$a0521019435 (pbk.)
=040  \\$aOI
=100  \\$4edt$aCoelho, Victor$910253
=245  00$aPerformance on lute, guitar, and vihuela:$bHistorical Practice and Modern Interpretation
=260  \\$aCambridge$aNew York$bCambridge University Press$c2005
=300  \\$a231  pages$bill.$c25 cm.
=490  \\$aCambridge studies in performance practice$v6
=504  \\$aIncludes bibliographical references and index.
=650  \0$aLute$1http://www.wikidata.org/entity/Q180733$93944
=650  \0$aGuitar$1http://www.wikidata.org/entity/Q6607$921152
=650  \0$aVihuela$1http://www.wikidata.org/entity/Q751884$92712
=650  \0$aHistorically informed performance$1http://www.wikidata.org/entity/Q1344860$920980
=650  \0$aMusic history$1http://www.wikidata.org/entity/Q846047$921373
=942  \\$cBOO
=952  \\$00$10$2ddc$40$6INS_5D_COEL$70$8INS$912857$aORPH$bORPH$cKTS0$d2020-07-08$eKoopman$i47F22$oINS5d COEL$p20123788$r2021-01-12 00:00:00$w2021-01-12$yBOO
=999  \\$d12875

