=LDR  00369    a2200109   4500
=001  12876
=020  \\$a9783924522414
=245  \\$aHändels Weg von Rom nach London
=260  \\$c2012
=942  \\$cBOO
=952  \\$00$10$2ddc$40$6BIO_HAND_E$70$8BIO$912858$aORPH$bORPH$cKTS1_P$d2020-07-08$eKoopman$i47F32$l0$oBIO HAND e$p20123819$r2021-01-12 00:00:00$w2021-01-12$yBOO$OKoopman
=999  \\$c12876$d12876

