=LDR  00893    a2200193   4500
=001  12877
=008  220131s1932\\\\nl\a||||\||||\00|\0\dut\d
=041  \\$adut
=245  \\$aGedenkboek van het Congres der Nederlandsche Organisten-Vereeniging.$bGehouden 3-5 September 1931 te Amsterdam
=260  \\$c1932$aSteenwijk$bHovens Gréve
=300  \\$a272 pages
=336  \\$aprinted
=505  \\$gter gelegenheid van haar veertig-jarig bestaan samengesteld door A. Brom Lr., J. F. Rootlieb an Herm. Rutters
=650  \0$aOrgan$1http://www.wikidata.org/entity/Q1444$92810
=650  \0$aOrganology$1http://www.wikidata.org/entity/Q899293$921400
=650  \0$aOrganist$1http://www.wikidata.org/entity/Q765778$94471
=942  \\$cBOO
=952  \\$00$10$2ddc$40$6INS_3_000000000000000_1A$70$8INS$912859$aORPH$bORPH$cKTS0$d2020-07-08$eKoopman$i47F42$oINS3.1a$p20123809$r2021-01-12 00:00:00$w2021-01-12$yBOO
=999  \\$d12877

