=LDR  02610aam a2200385   4500
=001  12880
=005  20250926134857.0
=008  230704s1950\\\\|||fgh||\||||\00|\0bger\d
=024  \\$2Lizenz-Nr.$a490/110/50
=041  \\$ager
=245  \\$aBach-Probleme.$bFestschrift zur Deutschen Bach-Feier Leipzig 1950
=260  \\$aLeipzig$bPeters$c1950
=300  \\$a89 pages
=505  \\$gJohann Sebastian Bach / Viktor Gorodinskij -- Der weltliche Charakter in Bachs Orgelwerken / Janos Hammerschlag -- Bach, die Volksmusik und das osteuropäische Melos / Bence Szabolcsi -- Bemerkung zur Stilisierung der Volksmusik, besonders der Polonaisen, bei Bach / Denes Bartha -- Anfänge der Bachpflege in England / H. F. Redlich -- Die gleichschwebende Temperatur / Hans Heinz Draeger -- Hätte Bach... / Eta Harich-Schneider -- Bachkonzerte mit Flügel oder Cembalo? / C. A. Martienssen -- Über das Problem des mehrstimmigen Spiels in J. S. Bachs Violinsonaten / Rolph Schroeder -- Bach in Köthen / Walther Vetter
=590  \\$aAnlässlich der zweihundertsten Wiederkehr des Todestages von Johann Sebastian Bach. Herausgegeben von Prof. Dr. Hans-Heinz Draeger und Dr. Karl Laux im Auftrage des Deutschen Bach-Ausschusses 1950
=600  \0$1http://www.wikidata.org/entity/Q1339$aBach, Johann Sebastian$d1685-1750$94766
=648  \0$1http://www.wikidata.org/entity/Q7015$a18th Century (1701-1800)$920899
=650  \0$1http://www.wikidata.org/entity/Q36834$aComposer$93625
=650  \0$1http://www.wikidata.org/entity/Q2003283$aOrgan music$91951
=650  \0$1http://www.wikidata.org/entity/Q43343$aFolk music$921594
=650  \0$1http://www.wikidata.org/entity/Q203478$aPolonaise$922923
=650  \0$1http://www.wikidata.org/entity/Q623282$aLegacy$922131
=650  \0$1http://www.wikidata.org/entity/Q55073971$aTemperament$921656
=650  \0$1http://www.wikidata.org/entity/Q9748$aConcerto$921817
=650  \0$1http://www.wikidata.org/entity/Q52954$aKeyboard instrument$92849
=650  \0$1http://www.wikidata.org/entity/Q131269$aSonata$921653
=650  \0$1http://www.wikidata.org/entity/Q8355$aViolin$92783
=650  \0$1http://www.wikidata.org/entity/Q179465$aPolyphony$926381
=651  \0$1http://www.wikidata.org/entity/Q1796771$aKöthen (Germany)$923000
=651  \0$1http://www.wikidata.org/entity/Q21$aUnited Kingdom$9273
=700  \\$4edt$910595$aDraeger, Hans Heinz
=700  \\$4edt$aLaux, Karl$926380
=942  \\$cBOO
=952  \\$00$10$2ddc$40$6BIO_BACH1_E$70$8BIO$912862$aORPH$bORPH$cKTS1_P$d2020-07-08$eKoopman$i47G10$oBIO BACH1 e$p20121538$r2021-01-12 00:00:00$w2021-01-12$yBOO
=999  \\$d12880

