=LDR  01473cam a2200265 a 4500
=001  12881
=041  \\$aeng
=245  00$aAspects of Harpsichord Making in the British Isles
=260  \\$aHillsdale, NY$bPendragon$c2009
=300  \\$aix-226 pages$billustrations (some color)$c29 cm
=490  1\$aThe Historical Harpsichord$v5
=500  \\$aStatement of responsibility from cover.
=504  \\$aIncludes bibliographical references.
=505  0\$aThe native tradition in transition : English harpsichords circa 1680-1725 / by Darryl Martin -- The stringed keyboard instruments of Ferdinand Weber / by Jenny Nex and Lance Whitehead -- Criteria for the determination of original stringing in historical keyboard instruments : the cautionary tale of a 1785 Longman and Broderip harpsichord / by Grant O'Brien.
=650  \0$aOrganology$1http://www.wikidata.org/entity/Q899293$921400
=650  \0$aMusic history$1http://www.wikidata.org/entity/Q846047$921373
=650  \0$aHarpsichord$1http://www.wikidata.org/entity/Q81982$92125
=651  \0$aUnited Kingdom$1http://www.wikidata.org/entity/Q21$9273
=700  \\$aMartin, Darryl$d-1965$4edt$912624
=700  \\$aNex, Jenny$4edt$923481
=700  \\$aWhitehead, Lance$4edt$923482
=700  \\$aO'Brien, Grant G.$4edt$913035
=942  \\$cBOO
=952  \\$00$10$2ddc$40$6INS_3_000000000000000_2B_GB$70$8INS$912863$aORPH$bORPH$cLOC_UNK$d2020-07-08$eKoopman$i47G15$oINS3.2b GB$p20121534$r2021-01-12 00:00:00$w2021-01-12$yBOO
=999  \\$d12881

