=LDR  01489cam a2200289 i 4500
=001  12883
=005  20250120120203.0
=008  160630t20162016be\a\\\\\bc\\\000\0deng\\
=020  \\$a9789085867265
=040  \\$aOI
=041  \\$aeng
=100  \\$4edt$aBaisier, Claire$923191
=245  00$aDivine Interiors:$bExperience Churches in the Age of Rubens
=260  \\$aAntwerp$bBAI$bMuseum Mayer van den Bergh$c2016
=300  \\$a184 pages$billustrations (some color)$c29 cm$eCD
=500  \\$a"This catalogue has been published to accompany the exhibition Divine interiors. Experience churches in the age of Rubens, Museum Mayer van den Bergh, Antwerp, 17 June 2016 - 16 October 2016"--Colophon.
=500  \\$a"CD Graindelavoix.  Music for an Antwerp Church"--Page 5.
=500  \\$a"Music for an Antwerp Church, International polyphony from Antwerp prints, anno 1600 - 73:00"--Page 180.
=500  \\$aArtists biographies on pages 168-173.
=504  \\$aIncludes bibliographical references (pages 174-179).
=648  \0$a17th Century (1601-1700)$1http://www.wikidata.org/entity/Q7016$920923
=650  \0$aChurch$1http://www.wikidata.org/entity/Q16970$93776
=650  \0$aArchitecture$1http://www.wikidata.org/entity/Q12271$93185
=650  \0$aInterior design$1http://www.wikidata.org/entity/Q179232$921367
=942  \\$cBOO
=952  \\$00$10$2ddc$40$6VIS_BAIS$70$8VIS$912865$aORPH$bORPH$cKTS1_H$d2020-07-08$eKoopman$i47G19$oVIS BAIS$p20121530$r2021-01-12 00:00:00$w2021-01-12$yBOO
=999  \\$d12883

