=LDR  00978aas a2200193   4500
=001  12886
=008  220810d20032012|||f||||\||||\00|\0\dut\d
=022  \\$a09299890
=041  \\$adut
=110  \\$4edt$aWerkgroep Achttiende Eeuw (Nijmegen, Netherlands)$924634
=245  \\$aDe Achttiende Eeuw$nvols. 35 (2003)-2019
=260  \\$aNijmegen$bWerkgroep Achttiende Eeuw$c2003-19
=500  \\$aSuccessor to 'Documentatieblad Werkgroep Achttiende Eeuw' (1968-1992); ceased publication in 2017 and succeeded by the 'Jaarboek De Achttiende Eeuw'
=648  \0$a18th Century (1701-1800)$1http://www.wikidata.org/entity/Q7015$920899
=650  \0$aCuckoo$1http://www.wikidata.org/entity/Q18845$922474
=856  \\$uhttps://www.dbnl.org/auteurs/auteur.php?id=_doc003$3Digital Library for Dutch Literature (DBNL)
=942  \\$cPER
=952  \\$00$10$2ddc$40$6PER_AE1$70$8PER$912868$aORPH$bORPH$cKM12_1$d2020-07-08$eKoopman$l0$oPER AE1$p20129426$r2021-01-12 00:00:00$w2021-01-12$yPER$OKoopman TS
=999  \\$d12886

