=LDR  00982aas a2200205   4500
=001  12888
=008  210413i19672017\\\|||||\||||\00|\0\ger\d
=022  \\$a05677874
=041  \\$ager
=100  \\$aReichling, Alfred$4edt$915751
=110  \\$aGesellschaft der Orgelfreunde$1http://www.wikidata.org/entity/Q1518383$91218
=245  \\$aActa Organologica$nvols. 1-35
=260  \\$aBerlin$bMerseburger$c1967-2017
=650  \0$aOrgan$1http://www.wikidata.org/entity/Q1444$92810
=650  \0$aOrganology$1http://www.wikidata.org/entity/Q899293$921400
=650  \0$aOrgan music$1https://www.wikidata.org/entity/Q2003283$1https://www.wikidata.org/wiki/Q116958279$91951
=856  \\$uhttps://www.gdo.de/veroeffentlichungen/acta-organologica$3index and contents of Acta organologica 1976 - present
=942  \\$cPER
=952  \\$00$10$2ddc$40$6INS_PER3_1_000000000000000_AO1$70$8INS$912870$aORPH$bORPH$cKTS0$d2020-07-08$eKoopman$oINS PER3.1 AO1$p20129428$r2021-01-12 00:00:00$w2021-01-12$yPER
=999  \\$d12888

