=LDR  00622aas a2200169   4500
=001  12890
=008  211012i19702014\\\|||||\||||\00|\0\dut\d
=022  \\$a09230254
=041  \\$adut
=245  \\$aAmstelodamum jaarboek, vols. 62-106
=260  \\$c1970-2014
=650  \0$aHistory$1http://www.wikidata.org/entity/Q309$921403
=651  \0$aAmsterdam (Netherlands)$1http://www.wikidata.org/entity/Q727$9135
=856  \\$uhttps://www.amstelodamum.nl/archieven/
=942  \\$cPER
=952  \\$00$10$2ddc$40$6TOP_NL_AMS$70$8TOP$912872$aORPH$bORPH$cKTS0$d2020-07-08$eKoopman$oTOP NL.AMS$p20129431$r2021-01-12 00:00:00$w2021-01-12$yPER
=999  \\$d12890

