=LDR  00600aas a2200145   4500
=001  12893
=008  250904i19811997||||||||\||||\00|\0\eng\d
=022  \\$a02268620
=041  \\$aeng
=245  \\$aArs organi.$bInternationale Zeitschrift für das Orgelwesen
=260  \\$aMettlach$bGesellschaft der Orgelfreunde$c1981-97
=650  \0$aOrgan$1http://www.wikidata.org/entity/Q1444$92810
=942  \\$cPER
=952  \\$00$10$2ddc$40$6INS_PER3_1_000000000000000_AO2$70$8INS$912875$aORPH$bORPH$cKTS0$d2020-07-08$eKoopman$iTS Ars Organi$l0$oINS PER3.1 AO2$p20129519$r2021-01-12 00:00:00$w2021-01-12$yPER$OKoopman TS
=999  \\$d12893

