=LDR  01934aas a2200289   4500
=001  12896
=005  20250926134857.0
=008  211020c1904\\\\\\\a||||\||||\00|\0\ger\d
=022  \\$a00847682
=041  \\$ager
=245  \\$aBach-Jahrbuch
=260  \\$aLeipzig$bBreitkopf & Härtel$c1905-13; 1916; 1918; 1921; 1924-28; 1930-35; 1937-54; 1956-57; 1959-60; 1963-65; 1967-91; 1993-2018
=500  \\$aThe Bach-Jahrbuch is the most respected publication for international Bach research. It contains contributions of notable Bach scholars related to recent research of Bach and his family. It also provides a Bach bibliography. Begun in 1904, it is the oldest periodical dedicated to one composer. 
=600  \0$aBach, Johann Sebastian$d1685-1750$1http://www.wikidata.org/entity/Q1339$94766
=610  \0$aBach family$1http://www.wikidata.org/entity/Q169509$922324
=648  \0$a18th Century (1701-1800)$1http://www.wikidata.org/entity/Q7015$920899
=700  \\$4edt$aSchering, Arnold$d1877-1941$1http://www.wikidata.org/entity/Q67576$97759
=700  \\$4edt$aSchneider, Max$d1875-1967$1http://www.wikidata.org/entity/Q1913387$916830
=700  \\$4edt$aDürr, Alfred$d1918-2011$1http://www.wikidata.org/entity/Q84411$910643
=700  \\$4edt$aNeumann, Werner$d1905-1991$1http://www.wikidata.org/entity/Q99260$921849
=700  \\$4edt$aSchulze, Hans-Joachim$d1934-$1http://www.wikidata.org/entity/Q92055$911725
=700  \\$4edt$aWolff, Christoph$d1940-$1http://www.wikidata.org/entity/Q66488$910387
=700  \\$4edt$aWollny, Peter$d1961-$1http://www.wikidata.org/entity/Q95339065$915578
=942  \\$cPER
=952  \\$00$10$40$6BIO_BACH1_F$70$8BIO$912876$aORPH$bORPH$cKTS1_P$d2020-07-08$eKoopman$oBIO BACH1 f$p20129470$r2021-01-12 00:00:00$w2021-01-12$yPER$OKoopman TS
=952  \\$00$10$2ddc$40$6BIO_BACH1_F$70$8BIO$912878$aORPH$bORPH$cKTS1_P$d2020-07-08$eKoopman$oBIO BACH1 f$p20129472$r2021-01-12 00:00:00$w2021-01-12$yPER
=999  \\$d12896

