=LDR  02049aam a2200253   4500
=001  12897
=008  230406s1987\\\\||||||||\||||\00|\0\dut\d
=041  \\$adut
=100  \\$4edt$aRasch, Rudolf$d1945-$1http://www.wikidata.org/entity/Q112427566$913439
=245  \\$aMuziek in de Republiek
=260  \\$aHouten$bDe Haan$c1987
=490  \\$aSpiegel historiael$vvol. 22 no. 4
=505  \\$gTer inleiding / R. A. Rasch (158) -- Intochten tijdens de opstand tegen Filips ö (1577-1582). Muzikale praal, propaganda en symboliek / T. Wind (160) -- De hoer van Babylon: politieke liederen uit de tachtigjarige oorlog / L. P. Grijp (165) -- "Als oft het tot noch toe quaet ware geweest...". De gereformeerde kerkzang en de afkeer van verandering / F. H. Matter (172) -- Jacques Vredeman en het collegium musicorum te Leeuwarden in de eerste jaren van de 17de eeuw / H. P. Algra (179) -- De muziek in de Amsterdamse Schouwburg (1638-1664) / R. A. Rasch -- Sybrandus van Noordt (1659-1705), telg uit een amsterdamse muzikantenfamilie / A. G. Soeting (191) -- Estienne Roger en de Amsterdamse muziekuitgeverij in de 18de eeuw / P. Schuurman (196)
=600  \0$aFelipe II$cKing of Spain$d1527-1598$1http://www.wikidata.org/entity/Q34417$914637
=600  \0$aRoger, Estienne$d1665-1722$1http://www.wikidata.org/entity/Q715081$924046
=600  \0$aNoordt, Sybrand van$d1659-1705$1http://www.wikidata.org/entity/Q3979011$926039
=610  \0$aStadsschouwburg Amsterdam (Netherlands)$1http://www.wikidata.org/entity/Q1817103$921020
=648  \0$a17th Century (1601-1700)$1http://www.wikidata.org/entity/Q7016$920923
=648  \0$a18th Century (1701-1800)$1http://www.wikidata.org/entity/Q7015$920899
=650  \0$aEighty Years' War (1568-1648)$1http://www.wikidata.org/entity/Q164432$923273
=651  \0$aNetherlands$1http://www.wikidata.org/entity/Q55$9173
=942  \\$cBOO
=952  \\$00$10$2ddc$40$6TOP_NL_5_000000000000000$70$8TOP$912879$aORPH$bORPH$cKTS0$d2020-07-08$eKoopman$i18C04$l0$oTOP NL 5$p20129736$r2021-01-12 00:00:00$w2021-01-12$yBOO$OKoopman
=999  \\$d12897

