=LDR  00837aam a2200181   4500
=001  12898
=008  250430s1980\\\\|||a||||\c|||\00|\0dger\d
=041  \\$ager
=245  \\$aMaria Theresia und ihre Zeit, Ausstellung
=260  \\$c1980
=600  \0$aMaria Theresia$cEmpress of Austria$d1717-1780$1http://www.wikidata.org/entity/Q131706$913931
=610  \0$aHouse of Habsburg$1http://www.wikidata.org/entity/Q65968$922829
=648  \0$a18th Century (1701-1800)$1http://www.wikidata.org/entity/Q7015$920899
=650  \0$aCourt$1http://www.wikidata.org/entity/Q1134237$922191
=651  \0$aVienna (Austria)$1http://www.wikidata.org/entity/Q1741$920937
=942  \\$cBOO
=952  \\$00$10$2ddc$40$6BIO_MARI_C$70$8BIO$912880$aORPH$bORPH$cKTS1_P$d2020-07-08$eKoopman$i18C26$l0$oBIO MARI c$p20127076$r2021-01-12 00:00:00$w2021-01-12$yBOO$OKoopman
=999  \\$d12898

