=LDR  00897aam a2200205   4500
=001  12899
=008  230124s1965\\\\||||||||\||||\00|\0ceng\d
=041  \\$aeng$hita
=100  \\$aVasari, Giorgio$d1511-1574$4aut$1http://www.wikidata.org/entity/Q128027$95410
=245  \\$aThe Lives of the Artists:$bA Selection
=260  \\$bPenguin$c1965
=534  \\$aOriginally published in 1550 and 1568
=648  \0$a16th Century (1501-1600)$1http://www.wikidata.org/entity/Q7017$920944
=650  \0$aFine art$1http://www.wikidata.org/entity/Q219625$921579
=650  \0$aBiography$1http://www.wikidata.org/entity/Q36279$91927
=651  \0$aItaly$1http://www.wikidata.org/entity/Q38$922
=700  \\$4trl$aBull, G.$925659
=942  \\$cBOO
=952  \\$00$10$2ddc$40$6VIS_VASA$70$8VIS$912881$aORPH$bORPH$cKTS1_H$d2020-07-08$eKoopman$i40B15$l0$oVIS VASA$p20120318$r2021-01-12 00:00:00$w2021-01-12$yBOO$OKoopman
=999  \\$d12899

