=LDR  00768    a2200193   4500
=001  12900
=008  221128s1992\\\\po\fa|||\||||\00|\0\por\d
=041  \\$apor
=245  \\$aPortugaliae Monumenta Organica
=260  \\$c1992$aPortugal$bAcademia de Musica de Joao IV
=300  \\$a64 pages
=650  \0$aOrgan$1http://www.wikidata.org/entity/Q1444$92810
=650  \0$aOrganology$1http://www.wikidata.org/entity/Q899293$921400
=651  \0$aPortugal$1http://www.wikidata.org/entity/Q45$9136
=700  \\$4aut$aVaz, Joao $915208
=700  \\$4aut$aPaiva, Rui$925389
=942  \\$cBOO
=952  \\$00$10$2ddc$40$6INS_3_000000000000000_1A_PT$70$8INS$912882$aORPH$bORPH$cKTS0$d2020-07-08$eKoopman$i24G47$l0$oINS3.1a PT$p20129309$r2021-01-12 00:00:00$w2021-01-12$yBOO$OKoopman
=999  \\$d12900

