=LDR  00955aam a2200205   4500
=001  12903
=008  250827s2008\\\\|||a||||\c|||\00|\0bdut\d
=020  \\$a9789040085598
=041  \\$adut
=245  \\$aJacob Backer (1608/9-1651)
=260  \\$aZwolle$bWaanders$c2008
=600  \0$aBacker, Jacob Adriaensz$d1608-1651$1http://www.wikidata.org/entity/Q19032$941084
=648  \0$a17th Century (1601-1700)$1http://www.wikidata.org/entity/Q7016$920923
=650  \0$aFine art$1http://www.wikidata.org/entity/Q219625$921579
=651  \0$aNetherlands$1http://www.wikidata.org/entity/Q55$1http://www.wikidata.org/entity/Q29999$9173
=700  \\$aVeen, Jan van der$dfl. 21st Century$4aut$915211
=700  \\$aBrink, Peter van den$1http://www.wikidata.org/entity/Q105582905$4aut$99893
=942  \\$cBOO
=952  \\$00$10$2ddc$40$6BIO_BACK1_C$70$8BIO$912885$aORPH$bORPH$cKTS1_P$d2020-07-08$eKoopman$i47G20$oBIO BACK1 c$p20121529$r2021-01-12 00:00:00$w2021-01-12$yBOO
=999  \\$d12903

