=LDR  00840    a2200193   4500
=001  12908
=008  211119s1968\\\\||||||||\||||\00|\p\dut\d
=041  \\$adum
=100  \\$aHendrik van Veldeke$dfl. 12th century$4aut$1http://www.wikidata.org/entity/Q469608$915219
=245  \\$aDie minne maket reinen moet
=260  \\$aHasselt$bHeideland$c1968
=490  \\$aPoëtisch erfdeel der Nederlanden$vP62
=648  \0$aMiddle Ages (500-1400)$1http://www.wikidata.org/entity/Q12554$920964
=650  \0$aPoetry$1http://www.wikidata.org/entity/Q482$93026
=651  \0$aFlanders (Belgium)$1http://www.wikidata.org/entity/Q234$989
=700  \\$4edt$aNotermans, J.$922960
=942  \\$cBOO
=952  \\$00$10$2ddc$40$6LIT_VELD_A$70$8LIT$912890$aORPH$bORPH$cKM12_2_H$d2020-07-08$eKoopman$i40G35$oLIT VELD a$p20122233$r2021-01-12 00:00:00$w2021-01-12$yBOO
=999  \\$d12908

