=LDR  01102cam a2200277 i 4500
=001  12909
=005  20250925143300.0
=008  170222s1974\\\\nyua\\\j\\\\\\000\f\dut\d
=020  \\$a9029551321
=040  \\$aBF
=041  \\$adut
=100  \\$aVelden, Ben van der$4aut$915221
=245  10$aDe dood van prof. drs. M.
=260  \\$aAmsterdam$bArbeiderspers$c1974
=300  \\$a160 pages
=336  \\$atext$btxt$2rdacontent
=337  \\$aunmediated$bn$2rdamedia
=338  \\$avolume$bnc$2rdacarrier
=490  1\$aGrote ABC$v225
=500  \\$aContains a handwritten dedication from the author to Ton Koopman: "Voor Ton, Wanneer concerten, verbouwingen, verhuizingen etc. keur en tijd laten. Ben"
=648  \0$a20th Century (1901-2000)$1http://www.wikidata.org/entity/Q6927$920936
=650  \0$aNovel$1http://www.wikidata.org/entity/Q8261$921629
=651  \0$aNetherlands$1http://www.wikidata.org/entity/Q55$9173
=942  \\$cBOO
=952  \\$00$10$2ddc$40$6LIT_VELD_A$70$8LIT$912891$aORPH$bORPH$cKM12_2_H$d2020-07-08$eKoopman$i40C03$oLIT VELD a$p20120296$r2021-01-12 00:00:00$w2021-01-12$yBOO
=999  \\$d12909

