=LDR  01024cam a22002414a 4500
=001  12911
=005  20250120120224.0
=008  100312s2009\\\\ne\a\\\\\b\\\\001\0\dut\\
=020  \\$a9789089641465
=040  \\$aOI
=041  \\$adut
=100  \\$aVeldhorst, Natascha$4aut$915222
=245  10$aZingend door het leven:$bhet Nederlandse liedboek in de Gouden Eeuw
=260  \\$aAmsterdam$bAmsterdam University Press$c2009
=300  \\$a178 pages$billustrations$c23 cm
=504  \\$aIncludes bibliographical references (p. 155-167) and index.
=648  \0$a17th Century (1601-1700)$1http://www.wikidata.org/entity/Q7016$920923
=650  \0$aSong$1http://www.wikidata.org/entity/Q7366$94164
=650  \0$aMusic history$1http://www.wikidata.org/entity/Q846047$921373
=651  \0$aNetherlands$1http://www.wikidata.org/entity/Q55$9173
=942  \\$cBOO
=952  \\$00$10$2ddc$40$6TOP_NL_5_000000000000000$70$8TOP$912893$aORPH$bORPH$cKTS0$d2020-07-08$eKoopman$i43E20$oTOP NL 5$p20127137$r2021-01-12 00:00:00$w2021-01-12$yBOO
=999  \\$d12911

