=LDR  01129cam a22002534a 4500
=001  12912
=005  20250120115811.0
=008  041026s2004\\\\ne\a\\\\\b\\\\001\0\dut\\
=020  \\$a9053566767
=040  \\$aOI
=041  0\$adut$beng
=100  \\$aVeldhorst, Natascha$4aut$915222
=245  13$aDe perfecte verleiding:$bmuzikale scènes op het Amsterdams toneel in de zeventiende eeuw
=260  \\$aAmsterdam$bAmsterdam University Press$c2004
=300  \\$a278 pages$c25 cm
=504  \\$aIncludes bibliographical references (p. 253-260) and index.
=546  \\$aDutch, with summary in English.
=648  \0$a17th Century (1601-1700)$1http://www.wikidata.org/entity/Q7016$920923
=650  \0$aMusic history$1http://www.wikidata.org/entity/Q846047$921373
=650  \0$aPlay (theater)$1http://www.wikidata.org/entity/Q25379$921414
=651  \0$aAmsterdam (Netherlands)$1http://www.wikidata.org/entity/Q727$9135
=942  \\$cBOO
=952  \\$00$10$2ddc$40$6TOP_NL_AMS_5_000000000000000$70$8TOP$912894$aORPH$bORPH$cKTS0$d2020-07-08$eKoopman$i37D26$l2$oTOP NL.AMS 5$p20120530$r2022-08-22 00:00:00$s2022-08-11$w2021-01-12$yBOO
=999  \\$d12912

