=LDR  01006nam a2200229 a 4500
=001  12915
=005  20250120120516.0
=008  881101s1986\\\\ne\a\\\\\bc\\f000\0\dut\\
=020  \\$a9012052270
=040  \\$aOI
=100  \\$aVeldman, Ilja M.$915225
=245  10$aLeerrijke reeksen van Maarten van Heemskerck /$cIlja M. Veldman.
=260  \\$a's-Gravenhage :$bStaatsuitgeverij ;$aHaarlem :$bFrans Halsmuseum,$c1986.
=300  \\$a111 p. :$bill. ;$c30 cm.
=504  \\$aBibliography: p. 108-109.
=600  \0$aHeemskerk, Martin van$d1498-1574$1http://www.wikidata.org/entity/Q538350$915227
=700  \\$aHeemskerk, Martin van$d1498-1574$1http://www.wikidata.org/entity/Q538350$915227
=710  \\$aFrans Halsmuseum$1http://www.wikidata.org/entity/Q574961$922618
=942  \\$cBOO
=952  \\$00$10$2ddc$40$6BIO_HEEM_E$70$8BIO$912897$aORPH$bORPH$cKTS1_P$d2020-07-08$eKoopman$i19G20$l0$oBIO HEEM e$p20125197$r2021-01-12 00:00:00$w2021-01-12$yBOO$OKoopman
=999  \\$c12915$d12915
=490  \\$aDe Eeuw van de beeldenstorm

