=LDR  01054nam a2200253 a 4500
=001  12919
=005  20250925143300.0
=008  870311s1986\\\\ne\fa\\\\b\\\\000\0\dut\\
=020  \\$a9029550104 :$cfl 59.00
=040  \\$aOI
=041  \\$adut
=100  \\$aVenema, Adriaan$d1941-$4aut$915233
=245  10$aKunsthandel in Nederland, 1940-1945
=260  \\$aAmsterdam$bArbeiderspers$c1986
=300  \\$a652 pages, [48] pages of plates$billustrations$c22 cm
=504  \\$aBibliography: p. 536-541.
=648  \0$a20th Century (1901-2000)$1http://www.wikidata.org/entity/Q6927$920936
=650  \0$aCollecting$1http://www.wikidata.org/entity/Q208165$92117
=650  \0$aFine art$1http://www.wikidata.org/entity/Q219625$921579
=650  \0$aTranslation$1http://www.wikidata.org/entity/Q7553$92492
=651  \0$aNetherlands$1http://www.wikidata.org/entity/Q55$9173
=942  \\$cBOO
=952  \\$00$10$2ddc$40$6TOP_NL_7_000000000000000$70$8TOP$912901$aORPH$bORPH$cKTS0$d2020-07-08$eKoopman$i40E14$oTOP NL 7$p20120258$r2021-01-12 00:00:00$w2021-01-12$yBOO
=999  \\$d12919

