=LDR  01005    a2200217   4500
=001  12920
=005  20251003085459.0
=008  220623s1942\\\\nl\f||||\||||\00|\0\dut\d
=041  \\$adut
=100  \\$aVente, Maarten Albert$d1915-1989$4aut$1http://www.wikidata.org/entity/Q1486565$919437
=245  \\$aBouwstoffen tot de Geschiedenis van het Nederlandse Orgel in de 16de Eeuw
=260  \\$c1942$aAmsterdam$aParis
=300  \\$a220 pages
=648  \0$a16th Century (1501-1600)$1http://www.wikidata.org/entity/Q7017$920944
=648  \0$a17th Century (1601-1700)$1http://www.wikidata.org/entity/Q7016$920923
=650  \0$aOrgan$1http://www.wikidata.org/entity/Q1444$92810
=650  \0$aCatalogue$1http://www.wikidata.org/entity/Q2352616$921484
=651  \0$aNetherlands$1http://www.wikidata.org/entity/Q55$9173
=942  \\$cBOO
=952  \\$00$10$2ddc$40$6INS_3_000000000000000_1A_NL$70$8INS$912902$aORPH$bORPH$cKTS0$d2020-07-08$eKoopman$i22E40$oINS3.1a NL$p20128866$r2021-01-12 00:00:00$w2021-01-12$yBOO
=999  \\$d12920

