=LDR  01038    a2200217   4500
=001  12921
=008  221221s1975\\\\nl\ag|||\||||\00|\0\dut\d
=041  \\$adut
=100  \\$aVente, Maarten Albert$d1915-1989$4aut$1http://www.wikidata.org/entity/Q1486565$919437
=245  \\$aOrgels en organisten van de Dom te Utrecht van de 14 eeuw tot heden
=260  \\$c1975$aUtrecht$bDomkerk van de Hervormde Gemeente te Utrecht
=300  \\$a88 pages
=610  \0$aDomkerk (Utrecht, Netherlands)$925381
=648  \0$aPast$1http://www.wikidata.org/entity/Q192630$922196
=650  \0$aOrgan$1http://www.wikidata.org/entity/Q1444$92810
=650  \0$aOrganology$1http://www.wikidata.org/entity/Q899293$921400
=651  \0$aUtrecht (Netherlands)$1http://www.wikidata.org/entity/Q803$9141
=710  \\$4edt$aUtrechts Citypastoraat$925489
=942  \\$cBOO
=952  \\$00$10$2ddc$40$6INS_3_000000000000000_1E_NL_UTR$70$8INS$912903$aORPH$bORPH$cKTS0$d2020-07-08$eKoopman$i24A45$l0$oINS3.1e NL.UTR$p20128685$r2021-01-12 00:00:00$w2021-01-12$yBOO$OKoopman
=999  \\$d12921

