=LDR  01282cam a22002531i 4500
=001  12922
=008  950912s1972\\\\nl\af\\\\b\\\\000\0\dut\\
=020  \\$a9060272404
=040  \\$aOI
=041  0\$adut$bengger
=100  \\$aVente, Maarten Albert$d1915-1989$1http://www.wikidata.org/entity/Q1486565$919437
=245  10$aVijf eeuwen Zwolse orgels 1441-1971.$bEen terugblik naar aanleiding van het 250-jarig bestaan van het Schnitgerorgel in de St. Michaels-of Grote Kerk te Zwolle 1721-1971
=260  \\$aAmsterdam$bFrits Knuf$c1972
=300  \\$a116 pages$bill. $c25 cm
=490  \\$aBibliotheca organologica $vv. 49
=504  \\$aIncludes bibliographical references.
=610  \0$aGrote of Sint-Michaëlskerk (Zwolle, Netherlands)$1http://www.wikidata.org/entity/Q1922969$925526
=650  \0$aOrgan$1http://www.wikidata.org/entity/Q1444$92810
=650  \0$aOrganology$1http://www.wikidata.org/entity/Q899293$921400
=651  \0$aNetherlands$1http://www.wikidata.org/entity/Q55$9173
=651  \0$aZwolle (Netherlands)$1http://www.wikidata.org/entity/Q793$985
=942  \\$cBOO
=952  \\$00$10$2ddc$40$6INS_3_000000000000000_1E_NL_ZWO$70$8INS$912904$aORPH$bORPH$cKTS0$d2020-07-08$eKoopman$i24A46$l0$oINS3.1e NL.ZWO$p20128684$r2021-01-12 00:00:00$w2021-01-12$yBOO$OKoopman
=999  \\$d12922

