=LDR  01135    a2200229   4500
=001  12923
=008  221003s1989\\\\nl\fg|||\||||\00|\0\dut\d
=020  \\$a9063751133
=041  \\$adut
=100  \\$aVente, Maarten Albert$d1915-1989$4aut$1http://www.wikidata.org/entity/Q1486565$919437
=245  \\$aUtrechtse orgelhistorische verkenningen.$bBijdragen tot de geschiedenis der orgelcultuur in de Lage Landen tot omstreeks 1630
=260  \\$c1989$aUtrecht$bVNM
=300  \\$a436 pages
=490  \\$aMuziekhistorische Monografieën $v12
=648  \0$a17th Century (1601-1700)$1http://www.wikidata.org/entity/Q7016$920923
=648  \0$a18th Century (1701-1800)$1http://www.wikidata.org/entity/Q7015$920899
=650  \0$aOrgan$1http://www.wikidata.org/entity/Q1444$92810
=650  \0$aOrganology$1http://www.wikidata.org/entity/Q899293$921400
=651  \0$aUtrecht (Netherlands)$1http://www.wikidata.org/entity/Q803$9141
=942  \\$cBOO
=952  \\$00$10$2ddc$40$6INS_3_000000000000000_1A_NL_UTR$70$8INS$912905$aORPH$bORPH$cKTS0$d2020-07-08$eKoopman$i24A54$l0$oINS3.1a NL.UTR$p20128762$r2021-01-12 00:00:00$w2021-01-12$yBOO$OKoopman
=999  \\$d12923

