=LDR  01055aam a2200217   4500
=001  12927
=005  20250925143300.0
=008  220909s1980\\\\||||||||\||||\00|\0ddut\d
=041  \\$adut
=100  \\$aVente, Maarten Albert$d1915-1989$4aut$1http://www.wikidata.org/entity/Q1486565$919437
=245  \\$a250 jaar orgelmakers Vermeulen 1730-1980
=260  \\$aWeert$bVermeulen$c1980
=610  \0$aVermeulen family$1http://www.wikidata.org/entity/Q1617958$924863
=648  \0$a18th Century (1701-1800)$1http://www.wikidata.org/entity/Q7015$920899
=648  \0$a19th Century (1801-1900)$1http://www.wikidata.org/entity/Q6955$920935
=648  \0$a20th Century (1901-2000)$1http://www.wikidata.org/entity/Q6927$920936
=650  \0$aOrgan$1http://www.wikidata.org/entity/Q1444$92810
=651  \0$aNetherlands$1http://www.wikidata.org/entity/Q55$9173
=942  \\$cBOO
=952  \\$00$10$2ddc$40$6INS_3_000000000000000_1B_VERM$70$8INS$912909$aORPH$bORPH$cKTS0$d2020-07-08$eKoopman$i33E40$l0$oINS3.1b VERM$p20120949$r2021-01-12 00:00:00$w2021-01-12$yBOO$OKoopman
=999  \\$d12927

