=LDR  01214    a2200205   4500
=001  12928
=008  220623s1956\\\\nl\\||||\||||\00|\0\dut\d
=041  \\$adut
=100  \\$aVente, Maarten Albert$d1915-1989$4aut$1http://www.wikidata.org/entity/Q1486565$919437
=245  \\$aProeve van een repertorium van de archivalia betrekking hebbende op het Nederlandse Orgel en zijn makers tot omstreeks 1630
=260  \\$c1956$aBrussels$bAcadémie royale de Belgique
=300  \\$a230 pages
=650  \0$aOrgan$1http://www.wikidata.org/entity/Q1444$92810
=650  \0$aOrganology$1http://www.wikidata.org/entity/Q899293$921400
=651  \0$aNetherlands$1http://www.wikidata.org/entity/Q55$9173
=710  \\$aAcadémie royale des sciences, des lettres et des beaux-arts de Belgique (Brussels, Belgium)$1http://www.wikidata.org/entity/Q337580$924469
=942  \\$cBOO
=952  \\$00$10$2ddc$40$6INS_3_000000000000000_1A_NL$70$8INS$912910$aORPH$bORPH$cKTS0$d2020-07-08$eKoopman$i44D20$oINS3.1a NL$p20126619$r2021-01-12 00:00:00$w2021-01-12$yBOO
=952  \\$00$10$2ddc$40$6INS_3_000000000000000_1A_NL$70$8INS$921869$aORPH$bORPH$cKTS0$d2020-07-08$eKoopman$i44D20$l0$oINS3.1a NL$p20129124$r2021-01-12 00:00:00$w2021-01-12$yBOO
=999  \\$d12928

