=LDR  00815    a2200193   4500
=001  12929
=008  221017s1966\\\\fr\f||||\||||\00|\0\fre\d
=041  \\$afre
=100  \\$aVente, Maarten Albert$d1915-1989$4aut$1http://www.wikidata.org/entity/Q1486565$919437
=245  \\$aAlkmaar
=260  \\$c1966$aFrance$bClaude/Rico
=300  \\$a32 pages
=500  \\$aIt contains a record
=650  \0$aOrgan$1http://www.wikidata.org/entity/Q1444$92810
=650  \0$aOrganology$1http://www.wikidata.org/entity/Q899293$921400
=651  \0$aAlkmaar (Netherlands)$1http://www.wikidata.org/entity/Q16977290$921456
=942  \\$cBOO
=952  \\$00$10$2ddc$40$6INS_3_000000000000000_1A_NL_ALK$70$8INS$912911$aORPH$bORPH$cKTS0$d2020-07-08$eKoopman$i45D42$l0$oINS3.1a NL.ALK$p20127287$r2021-01-12 00:00:00$w2021-01-12$yBOO$OKoopman
=999  \\$d12929

