=LDR  01090cam a2200253 a 4500
=001  12930
=005  20250120120001.0
=008  990506s1999\\\\ne\\\\\\\b\\\\001\0adut\\
=020  \\$a9065501630
=040  \\$aOI
=100  \\$aVerbeeck, Hermanus$d1621-1681$1http://www.wikidata.org/entity/Q109856469$915235
=245  10$aMemoriaal ofte mijn levensraijsinghe /$cHermanus Verbeeck ; uitgave verzorgd door Jeroen Blaak.
=260  \\$aHilversum :$bVerloren,$c1999.
=300  \\$a232 p. ;$c22 cm.
=504  \\$aIncludes bibliographical references and index.
=610  \0$aVerbeeck, Hermanus, d 1621-1681.$91779
=651  \0$aNetherlands$1http://www.wikidata.org/entity/Q55$9173
=650  \0$aApplied arts$1http://www.wikidata.org/entity/Q2865882$921627
=651  \0$aNetherlands$1http://www.wikidata.org/entity/Q55$9173
=700  \\$aBlaak, Jeroen$915236
=942  \\$cBOO
=952  \\$00$10$2ddc$40$6BIO_VERB_A$70$8BIO$912912$aORPH$bORPH$cKTS1_P$d2020-07-08$eKoopman$i22A28$oBIO VERB a$p20125605$r2021-01-12 00:00:00$w2021-01-12$yBOO$OKoopman
=999  \\$c12930$d12930
=490  \\$aEgodocumenten ;$vd. 16

