=LDR  01083    a2200229   4500
=001  12932
=008  230523s1995\\\\nl\bao||\||||\00|\0\dut\d
=020  \\$a9073621097
=041  \\$adut
=100  \\$aVerbruggen, Martien$915238$4aut
=245  \\$aWelk een "lofbaerlijk werk". Gemertse orgelbouwers en Matthijs Verhofstadt in het bijzonder
=260  \\$c1995$aGemert$bDe Kommanderij Gemert
=300  \\$a164 pages
=490  \\$aBijdragen tot de Geschiedenis van Gemert$v20
=600  \0$1http://www.wikidata.org/entity/Q1948356$aVerhofstadt, Matthijs$d1677-1731$926217
=648  \0$1http://www.wikidata.org/entity/Q7015$a18th Century (1701-1800)$920899
=650  \0$1http://www.wikidata.org/entity/Q1444$aOrgan$92810
=650  \0$1http://www.wikidata.org/entity/Q899293$aOrganology$921400
=651  \0$1http://www.wikidata.org/entity/Q970701$aGemert (Netherlands)$925265
=942  \\$cBOO
=952  \\$00$10$2ddc$40$6INS_3_000000000000000_1B_VERH$70$8INS$912914$aORPH$bORPH$cKTS0$d2020-07-08$eKoopman$i44D17$l0$oINS3.1b VERH$p20126622$r2021-01-12 00:00:00$w2021-01-12$yBOO$OKoopman
=999  \\$d12932

