=LDR  00911    a2200205   4500
=001  12935
=008  221003s2014\\\\nl\f||||\||||\00|\0\dut\d
=020  \\$a9789082051049
=041  \\$adut
=100  \\$aVerhagen, Rein$4aut$915240
=245  \\$aBequaem en van goede comportement over organisten, orgelbouwers en hun werkgevers in de 17e en 18e eeuw
=260  \\$c2014$aGorssel$bERVE
=300  \\$a32 pages
=648  \0$a18th Century (1701-1800)$1http://www.wikidata.org/entity/Q7015$920899
=648  \0$a17th Century (1601-1700)$1http://www.wikidata.org/entity/Q7016$920923
=650  \0$aOrgan$1http://www.wikidata.org/entity/Q1444$92810
=651  \0$aNetherlands$1http://www.wikidata.org/entity/Q55$9173
=942  \\$cBOO
=952  \\$00$10$2ddc$40$6INS_3_000000000000000_1A_NL$70$8INS$912917$aORPH$bORPH$cKTS0$d2020-07-08$eKoopman$i44D14$l0$oINS3.1a NL$p20126625$r2021-01-12 00:00:00$w2021-01-12$yBOO$OKoopman
=999  \\$d12935

