=LDR  01106aam a2200217   4500
=001  12936
=008  250827s2013\\\\||||||||\||||\00|\0cdut\d
=020  \\$a9789082051018
=041  \\$adut
=100  \\$aVerhagen, Rein$915240$4aut
=245  \\$aQuirinus en de andere Van Blankenburgs:$bdrie generaties musici in de zeventiende en eerste helft van de achttiende eeuw
=260  \\$aGorssel$bErve Muziek$c2013
=600  \0$aBlankenburg, Quirinus van$d1654-1739$1http://www.wikidata.org/entity/Q3258957$95596
=648  \0$a17th Century (1601-1700)$1http://www.wikidata.org/entity/Q7016$920923
=648  \0$a18th Century (1701-1800)$1http://www.wikidata.org/entity/Q7015$920899
=650  \0$aComposer$1http://www.wikidata.org/entity/Q36834$93625
=650  \0$aBiography$1http://www.wikidata.org/entity/Q36279$91927
=651  \0$aNetherlands$1http://www.wikidata.org/entity/Q55$1http://www.wikidata.org/entity/Q29999$9173
=942  \\$cBOO
=952  \\$00$10$2ddc$40$6BIO_BLAN_D$70$8BIO$912918$aORPH$bORPH$cKTS1_P$d2020-07-08$eKoopman$i45E11$oBIO BLAN d$p20127479$r2021-01-12 00:00:00$w2021-01-12$yBOO$OKoopman
=999  \\$d12936

