=LDR  01025aam a2200205   4500
=001  12938
=005  20250925143300.0
=008  230510s1939\\\\||||||||\||||\00|\0\dut\d
=041  \\$adut
=100  \\$aVerheul, J.$915242$4aut
=245  \\$aDe oud-katholieke gemeente en haar oude kerkgebouw aan de Lange Torenstraat te Rotterdam
=260  \\$c1939$aRotterdam$bStemerding
=590  \\$abeknopte geschiedenis der oud-kath. gemeente, besprekingen van haar oudste kerk, alsmede beschouwingen over de gesloopte en de nieuwe Paradijskerk te Rotterdam
=648  \0$1http://www.wikidata.org/entity/Q6927$a20th Century (1901-2000)$920936
=650  \0$1http://www.wikidata.org/entity/Q309$aHistory$921403
=650  \0$1http://www.wikidata.org/entity/Q16970$aChurch$93776
=651  \0$1http://www.wikidata.org/entity/Q34370$aRotterdam (Netherlands)$962
=942  \\$cBOO
=952  \\$00$10$2ddc$40$6TOP_NL_ROT$70$8TOP$912920$aORPH$bORPH$cKTS0$d2020-07-08$eKoopman$l0$oTOP NL.ROT$p20127636$r2021-01-12 00:00:00$w2021-01-12$yBOO$OKoopman
=999  \\$d12938

