=LDR  01399aam a2200277   4500
=001  12942
=005  20251003085459.0
=008  230703b\\\\\\\\nl\af|||\||||\00|\0\dut\d
=041  \\$adut
=100  \\$aVerkruisen, N. J.$915247$4aut
=245  \\$aHet Clavecimbel:$bBeknopte beschrijving en muzieklijst inzake het Clavecimbel
=250  \\$aJubileum uitgave
=260  \\$aBussum$bVeen & Werven$c1956
=300  \\$a40 pages
=648  \0$1http://www.wikidata.org/entity/Q192630$aPast$922196
=650  \0$1http://www.wikidata.org/entity/Q2352616$aCatalogue$921484
=650  \0$1http://www.wikidata.org/entity/Q52954$aKeyboard instrument$92849
=650  \0$1http://www.wikidata.org/entity/Q81982$aHarpsichord$92125
=651  \0$aNetherlands$1http://www.wikidata.org/entity/Q55$1http://www.wikidata.org/entity/Q29999$9173
=700  \\$aWering, Janny van$d1909-2005$1http://www.wikidata.org/entity/Q3999794$4ctb$926537
=700  \\$aLeonhardt, Gustav$d1928-2012$1http://www.wikidata.org/entity/Q51584$4ctb$917151
=700  \\$aOtten, Kees$d1924-2008$1http://www.wikidata.org/entity/Q3169469$4ctb$913097
=700  \\$aSpigt, Jaap$d1923-1999$1http://www.wikidata.org/entity/Q117768850$4ctb$926538
=942  \\$cBOO
=952  \\$00$10$2ddc$40$6INS_3_000000000000000_2A$70$8INS$912924$aORPH$bORPH$cKTS0$d2020-07-08$eKoopman$i24D60$l0$oINS3.2a$p20129064$r2021-01-12 00:00:00$w2021-01-12$yBOO$OKoopman
=999  \\$d12942

