=LDR  01123aam a2200217   4500
=001  12943
=008  230307s1971\\\\||||||||\||||\00|\0\dut\d
=020  \\$a9023208609
=041  \\$adut
=100  \\$aVerkuyl, P. E. L.$99826$4aut
=245  \\$aBattista Guarini's "Il Pastor Fido in de Nederlands dramatische literatuur
=260  \\$c1971$aAssen$bVan Gorcum
=500  \\$aIl pastor fido (The Faithfull Shepherd in Richard Fanshawe's 1647 English translation) is a pastoral tragicomedy set in Arcadia by Giovanni Battista Guarini, first published in 1590 in Venice.
=600  \0$aGuarini, Battista$d1538-1612$1http://www.wikidata.org/entity/Q542039$95920
=650  \0$aPlay (theater)$1http://www.wikidata.org/entity/Q25379$921414
=650  \0$aPastoral$1http://www.wikidata.org/entity/Q1472271$92271
=650  \0$aLegacy$1http://www.wikidata.org/entity/Q623282$922131
=651  \0$aNetherlands$1http://www.wikidata.org/entity/Q55$9173
=942  \\$cBOO
=952  \\$00$10$2ddc$40$6BIO_GUAR_E$70$8BIO$912925$aORPH$bORPH$cKTS1_P$d2020-07-08$eKoopman$i33C01$oBIO GUAR e$p20123025$r2021-01-12 00:00:00$w2021-01-12$yBOO$OKoopman
=999  \\$d12943

