=LDR  01204nam a2200265 a 4500
=001  12945
=003  OI
=005  20251003085459.0
=008  830620s1960\\\\ne\\\\\|r\\\\|000\||dut|d
=040  \\$aOI
=041  \\$adut
=245  10$aInventaris van de handschriften van het museum Meermanno-Westreenianum
=260  \\$aThe Hague$bStaatsdrukkerij en -uitgeverijbedrijf$c1960
=300  \\$axv-121 pages
=541  \\$3BIB.S.049322$cSchenking$aKoninklijke Academie voor Nederlandse Taal- en Letterkunde$d09/03/2017
=610  \0$aMuseum Meermanno (The Hague, Netherlands)$1http://www.wikidata.org/entity/Q2754878$91237
=650  \0$aManuscript$1http://www.wikidata.org/entity/Q87167$92275
=650  \0$aMuseum$1http://www.wikidata.org/entity/Q33506$93137
=650  \0$aCatalogue$1http://www.wikidata.org/entity/Q2352616$921484
=700  1\$aVermeeren, Petrus Josephus Henricus$d1913-1974$4aut$915249
=700  \\$aDekker, A. F.$4aut$927360
=710  2\$aKoninklijke Bibliotheek 's-Gravenhage
=942  \\$cBOO
=952  \\$00$10$2ddc$40$6BIB_4_000000000000000_NL_HAG$70$8BIB$912927$aORPH$bORPH$cKTS0$d2020-07-08$eKoopman$i42D09$l0$oBIB4 NL.HAG$p20122058$r2021-01-12 00:00:00$w2021-01-12$yBOO$OKoopman
=999  \\$d12945

