=LDR  00811aam a2200193   4500
=001  12946
=008  230615|\\\\\\\\nl\af|||\||||\00|\0\dut\d
=041  \\$adut
=100  \\$aVermeij, Koen$4aut$915250
=245  \\$aKorte geschiedenis van het clavichord
=260  \\$c2007$as.n.$bClavichord International Press
=300  \\$a36 pages
=648  \0$1http://www.wikidata.org/entity/Q192630$aPast$922196
=650  \0$1http://www.wikidata.org/entity/Q191823$aClavichord$92126
=650  \0$1http://www.wikidata.org/entity/Q899293$aOrganology$921400
=650  \0$1http://www.wikidata.org/entity/Q901207$aKeyboard$923503
=942  \\$cBOO
=952  \\$00$10$2ddc$40$6INS_3_000000000000000_2A$70$8INS$912928$aORPH$bORPH$cKTS0$d2020-07-08$eKoopman$i37A11$l0$oINS3.2a$p20120625$r2021-01-12 00:00:00$w2021-01-12$yBOO$OKoopman
=999  \\$d12946

