=LDR  01189aam a2200253   4500
=001  12948
=008  220907s1997\\\\||||||||\||||\00|\0\fre\d
=020  \\$a2877500802
=041  \\$afre
=100  \\$aVerschaeve, Michel$4aut$915252
=245  \\$aLe Traité de chant et mise en scène baroques
=260  \\$aParis$bZurfluh$c1997
=300  \\$a269 pages
=648  \0$a17th Century (1601-1700)$1http://www.wikidata.org/entity/Q7016$920923
=648  \0$a18th Century (1701-1800)$1http://www.wikidata.org/entity/Q7015$920899
=650  \0$aHistorically informed performance$1http://www.wikidata.org/entity/Q1344860$920980
=650  \0$aMethod$1http://www.wikidata.org/entity/Q2250960$921402
=650  \0$aSinging$1http://www.wikidata.org/entity/Q27939$92767
=650  \0$aStaging$1http://www.wikidata.org/entity/Q3508687$922118
=650  \0$aBaroque$1http://www.wikidata.org/entity/Q37853$921255
=700  \\$4win$aLeonhardt, Gustav$d1928-2012$1http://www.wikidata.org/entity/Q51584$917151
=942  \\$cBOO
=952  \\$00$10$2ddc$40$6MTP_2_000000000000000_VERS$70$8MTP$912930$aORPH$bORPH$cKM12_1$d2020-07-08$eKoopman$i21E23$l0$oMTP2 VERS$p20125461$r2021-01-12 00:00:00$w2021-01-12$yBOO
=999  \\$d12948

