=LDR  01290aam a2200253   4500
=001  12950
=008  231207s1979\\\\nl\agf||\||||\00|\0\mul\d
=020  \\$a9024722772
=041  \\$adut$aeng
=100  \\$aVervliet, Hendrik D. L.$4aut$915254
=245  \\$aPost-Incunabula en hun uitgevers in de Lage Landen.$bEen bloemlezing gebaseerd op Wouter Nijhoff's L'Art typographique
=246  \1$aPost-Incunabula and their publishers in the Low Countries.$bA selection based on Wouter Nijhoff's L'Art typographique
=260  \\$c1979$aThe Hague$bNijhoff
=300  \\$a206 pages
=600  \0$aNijhoff, Wouter$d1866-1894$1http://www.wikidata.org/entity/Q5514551$926815
=650  \0$aGraphic design (Typography)$91931
=650  \0$aBook$1http://www.wikidata.org/entity/Q571$92285
=650  \0$aIncunable$1http://www.wikidata.org/entity/Q216665$93964
=650  \0$aPrinting$1http://www.wikidata.org/entity/Q11034$921936
=651  \0$aNetherlands$1http://www.wikidata.org/entity/Q55$1https://www.wikidata.org/wiki/Q29999$9173
=651  \0$aBelgium$1http://www.wikidata.org/entity/Q31$920881
=942  \\$cBOO
=952  \\$00$10$2ddc$40$6BIB_2_000000000000000_VERV$70$8BIB$912932$aORPH$bORPH$cKTS0$d2020-07-08$eKoopman$i41E19$l0$oBIB2 VERV$p20122093$r2021-01-12 00:00:00$w2021-01-12$yBOO$OKoopman
=999  \\$d12950

