=LDR  00824    a2200193   4500
=001  12951
=008  221123s2006\\\\nl\f||||\||||\00|\0\dut\d
=041  \\$adut
=100  \\$aVerwer, René$4aut$915255
=245  \\$aLuisterrijk hersteld. Het orgel van de Haarlemse Philharmonie
=260  \\$c2006$aHaarlem
=300  \\$a32 pages
=610  \0$aHaarlemse Philharmonie (Haarlem, Netherland)$925358
=650  \0$aOrgan$1http://www.wikidata.org/entity/Q1444$92810
=650  \0$aOrganology$1http://www.wikidata.org/entity/Q899293$921400
=651  \0$aHaarlem (Netherlands)$1http://www.wikidata.org/entity/Q9920$921584
=942  \\$cBOO
=952  \\$00$10$2ddc$40$6INS_3_000000000000000_1E_NL_HAA$70$8INS$912933$aORPH$bORPH$cKTS0$d2020-07-08$eKoopman$i29D03$l0$oINS3.1e NL.HAA$p20121361$r2021-01-12 00:00:00$w2021-01-12$yBOO$OKoopman
=999  \\$d12951

