=LDR  01097aam a2200217   4500
=001  12952
=008  231005b\\\\\\\\||||||||\||||\00|\0bdut\d
=041  \\$adut
=100  \\$aFontaine Verwey, H. de la$4aut$910912
=245  \\$aMeester Harman Schinckel:$bEen Delfste Boekdrukker van de 16e eeuw
=260  \\$aRotterdam$bNijgh en van Ditmar$cs.d.
=490  \\$aOud Delft: Een serie historische publicaties over Delft en Delvenaren
=600  \0$1http://www.wikidata.org/entity/Q119700083$aSchinckel, Harman$d1536-1568$926567
=648  \0$1http://www.wikidata.org/entity/Q7017$a16th Century (1501-1600)$920944
=650  \0$1http://www.wikidata.org/entity/Q36279$aBiography$91927
=650  \0$1http://www.wikidata.org/entity/Q571$aBook$92285
=650  \0$1http://www.wikidata.org/entity/Q11034$aPrinting$921936
=651  \0$1http://www.wikidata.org/entity/Q690$aDelft (Netherlands)$922800
=942  \\$cBOO
=952  \\$00$10$2ddc$40$6BIB_4_000000000000000_NL_SCHI$70$8BIB$912934$aORPH$bORPH$cKTS0$d2020-07-08$eKoopman$i33E23$l0$oBIB4 NL SCHI$p20120966$r2021-01-12 00:00:00$w2021-01-12$yBOO$OKoopman
=999  \\$d12952

