=LDR  01311aam a2200253   4500
=001  12953
=008  250618s2001\\\\||||||||\||||\00|\0\ita\d
=041  \\$aita
=245  \\$aAffetti e tastiature:$bfonti d'archivio e documentazione inedita su musici virtuosi, organari e organisti a Molfetta (sec. XVI-XIX)
=260  \\$as.l.$bOdegitria$c2001
=490  \\$aOdegitria$vVIII
=648  \0$a16th Century (1501-1600)$1http://www.wikidata.org/entity/Q7017$920944
=648  \0$a17th Century (1601-1700)$1http://www.wikidata.org/entity/Q7016$920923
=648  \0$a18th Century (1701-1800)$1http://www.wikidata.org/entity/Q7015$920899
=648  \0$a19th Century (1801-1900)$1http://www.wikidata.org/entity/Q6955$920935
=650  \0$aMusic history$1http://www.wikidata.org/entity/Q846047$921373
=650  \0$aInstrumentalist$1http://www.wikidata.org/entity/Q1278335$921706
=650  \0$aOrganist$1http://www.wikidata.org/entity/Q765778$94471
=651  \0$aMolfetta (Italy)$1http://www.wikidata.org/entity/Q19300$925447
=700  \\$aVescovo, G. A. del$4aut$915257
=700  \\$aMagarelli, G.$4aut$912537
=942  \\$cBOO
=952  \\$00$10$2ddc$40$6TOP_IT_MOL_4_000000000000000$70$8TOP$912935$aORPH$bORPH$cKTS0$d2020-07-08$eKoopman$i47D35$l0$oTOP IT.MOL 4$p20123680$r2021-01-12 00:00:00$w2021-01-12$yBOO$OKoopman
=999  \\$d12953

