=LDR  00948aam a2200205   4500
=001  12954
=008  250618s2002\\\\||||||||\||||\00|\0\ita\d
=041  \\$aita
=245  \\$aNelle sacre carte l'armoniosa idea e fantasia:$bcultura musicale ottocentesca a Molfetta, frammenti d'arte organaria in Terra di Bari
=260  \\$as.l.$bOdegitria$c2002
=490  \\$aOdegitria$vIX
=648  \0$a19th Century (1801-1900)$1http://www.wikidata.org/entity/Q6955$920935
=650  \0$aMusic history$1http://www.wikidata.org/entity/Q846047$921373
=650  \0$aOrgan$1http://www.wikidata.org/entity/Q1444$92810
=651  \0$aMolfetta (Italy)$1http://www.wikidata.org/entity/Q19300$925447
=700  \\$aVescovo, G. A. del$4aut$915257
=700  \\$aMagarelli, G.$4aut$912537
=942  \\$cBOO
=952  \\$00$10$2ddc$40$6TOP_IT_MOL$70$8TOP$912936$aORPH$bORPH$cKTS0$d2020-07-08$eKoopman$i47D36$l0$oTOP IT.MOL$p20123679$r2021-01-12 00:00:00$w2021-01-12$yBOO$OKoopman
=999  \\$d12954

