=LDR  00864aam a2200193   4500
=001  12955
=008  250408s1974\\\\|||oa|||\b|||\00|\0\ger\d
=041  \\$ager
=100  \\$aVesper, Willi$915258$4aut
=245  \\$aDie evangelischen Kirchen der Stadt Grebenstein und ihre Geschichte
=260  \\$c1974$aGrebenstein$bEvangelische Kirchengemeinde Grebenstein
=300  \\$a102 pages
=650  \0$aChurch$1http://www.wikidata.org/entity/Q16970$93776
=650  \0$aLutheranism$1http://www.wikidata.org/entity/Q75809$923975
=650  \0$aArchitecture$1http://www.wikidata.org/entity/Q12271$93185
=651  \0$aGrebenstein (Germany)$1http://www.wikidata.org/entity/Q260708$940035
=942  \\$cBOO
=952  \\$00$10$2ddc$40$6TOP_DE_GRE1$70$8TOP$912937$aORPH$bORPH$cKTS0$d2020-07-08$eKoopman$i24C24$l0$oTOP DE.GRE1$p20129034$r2021-01-12 00:00:00$w2021-01-12$yBOO$OKoopman
=999  \\$d12955

