=LDR  00792    a2200193   4500
=001  12956
=005  20251001162312.0
=008  210308t19831956be\|||||\||||\00|\0\dut\d
=020  \\$a9029015039
=041  \\$adut
=100  \\$aVestdijk, Simon$d1898-1971$4aut$1http://www.wikidata.org/entity/Q437782$915259
=245  \\$aHet eerste en het laatste: Grondslagen ener praktische muziekesthetiek
=260  \\$c1983$aAmsterdam$bMeulenhoff
=300  \\$a207-xi pages
=490  \\$aS. Vestdijk: Verzamelde muziekessays$v1
=650  \0$aMusic philosophy and aesthetics$1http://www.wikidata.org/entity/Q2092865$921165
=942  \\$cBOO
=952  \\$00$10$2ddc$40$6TRE_VEST$70$8TRE$912938$aORPH$bORPH$cKTS1_H$d2020-07-08$eKoopman$i22C89$l0$oTRE VEST$p20125658$r2021-01-12 00:00:00$w2021-01-12$yBOO
=999  \\$c12956$d12956

