=LDR  00733    a2200181   4500
=001  12957
=008  210308t19831957be\|||||\||||\00|\0\dut\d
=020  \\$a9029015136
=041  \\$adut
=100  \\$aVestdijk, Simon$d1898-1971$4aut$1http://www.wikidata.org/entity/Q437782$915259
=245  \\$aKeurtroepen van Euterpe: Acht essays over componisten
=260  \\$c1983$aAmsterdam$bMeulenhoff
=300  \\$a234-xiv pages
=490  \\$aS. Vestdijk: Verzamelde muziekessays$v2
=942  \\$cBOO
=952  \\$00$10$2ddc$40$6TRE_VEST$70$8TRE$912939$aORPH$bORPH$cKTS1_H$d2020-07-08$eKoopman$i22C08b$l0$oTRE VEST$p20125657$r2021-01-12 00:00:00$w2021-01-12$yBOO
=999  \\$c12957$d12957
=650  \0$aMusic criticism$1http://www.wikidata.org/entity/Q11748889$921598

