=LDR  00717    a2200181   4500
=001  12958
=008  210308t19841960be\|||||\||||\00|\0\dut\d
=020  \\$a9029016361
=041  \\$adut
=100  \\$aVestdijk, Simon$d1898-1971$4aut$1http://www.wikidata.org/entity/Q437782$915259
=245  \\$aMuziek in blik: Opstellen over muziek
=260  \\$c1984$aAmsterdam$bMeulenhoff
=300  \\$a300-xiv pages
=490  \\$aS. Vestdijk: Verzamelde muziekessays$v6
=942  \\$cBOO
=952  \\$00$10$2ddc$40$6TRE_VEST$70$8TRE$912940$aORPH$bORPH$cKTS1_H$d2020-07-08$eKoopman$i22C08f$l0$oTRE VEST$p20125659$r2021-01-12 00:00:00$w2021-01-12$yBOO
=999  \\$c12958$d12958
=650  \0$aMusic criticism$1http://www.wikidata.org/entity/Q11748889$921598

