=LDR  01095cam a2200253 a 4500
=001  12961
=005  20250120120242.0
=008  871105s1980\\\\ne\a\\\\\b\\\\001\0\dut\\
=015  \\$aNe***
=020  \\$a9030210060 :$cfl 78.00
=040  \\$aOI
=041  0\$adut$beng
=100  \\$aVet, J. J. V. M. de$d-1934$915231
=245  00$aPieter Rabus (1660-1702) :$been wegbereider van de Noordnederlandse verlichting /$cJ.J.V.M. de Vet.
=260  \\$aAmsterdam :$bHolland University Press,$c1980.
=300  \\$axv, 449 p. :$bill. ;$c23 cm.
=504  \\$aBibliography: p. 415-436.
=600  \0$aRabus, Pieter$d1660-1702$915262
=651  \0$aNetherlands$1http://www.wikidata.org/entity/Q55$9173
=650  \0$aEnlightenment$1http://www.wikidata.org/entity/Q12539$94532
=942  \\$cBOO
=952  \\$00$10$2ddc$40$6BIO_RABU_D$70$8BIO$912943$aORPH$bORPH$cKTS1_P$d2020-07-08$eKoopman$i38D05$oBIO RABU d$p20122403$r2021-01-12 00:00:00$w2021-01-12$yBOO$OKoopman
=999  \\$c12961$d12961
=490  \\$aStudies van het Instituut voor Intellectuele Betrekkingen tussen de Westeuropese Landen in de Zeventiende Eeuw ;$vd. 6

