=LDR  00410    a2200109   4500
=001  12962
=100  \\$aVetter, Walther$d1891-1967$1http://www.wikidata.org/entity/Q2547492$915263
=245  \\$aDer Kapellmeister Bach
=260  \\$c1950
=942  \\$cBOO
=952  \\$00$10$2ddc$40$6BIO_BACH1_E$70$8BIO$912944$aORPH$bORPH$cKTS1_P$d2020-07-08$eKoopman$i28D15$oBIO BACH1 e$p20123594$r2021-01-12 00:00:00$w2021-01-12$yBOO
=999  \\$c12962$d12962

