=LDR  01197aam a2200253   4500
=001  12966
=008  210419s1970\\\\\\\a||||\||||\00|\0bita\d
=041  \\$aita
=100  \\$aViale Ferrero, Mercedes$d1924-2019$4aut$1http://www.wikidata.org/entity/Q95756833$915266
=245  \\$aFilippo Juvarra, scenografo e architetto teatrale
=260  \\$aTurin$bPozzo$c1970
=300  \\$a391 pages
=490  \\$aEdizioni d'arte
=600  \0$aJuvarra, Filippo$d1678-1736$1http://www.wikidata.org/entity/Q85000$921279
=648  \0$a18th Century (1701-1800)$1http://www.wikidata.org/entity/Q7015$920899
=650  \0$aScenography$1http://www.wikidata.org/entity/Q737201$921278
=650  \0$aTheater$1http://www.wikidata.org/entity/Q24354$92225
=650  \0$aArchitecture$1http://www.wikidata.org/entity/Q12271$93185
=651  \0$aTurin (Italy)$1http://www.wikidata.org/entity/Q495$921413
=651  \0$aRome (Italy)$1http://www.wikidata.org/entity/Q220$949
=700  \\$4win$aArgan, Giulio Carlo$921277
=942  \\$cBOO
=952  \\$00$10$2ddc$40$6BIO_JUVA_D$70$8BIO$912948$aORPH$bORPH$cKTS1_P$d2020-07-08$eKoopman$i41F03$l1$oBIO JUVA d$p20120122$r2023-01-03 00:00:00$s2022-11-08$w2021-01-12$yBOO$OKoopman
=999  \\$d12966

