=LDR  01183nam a2200265 a 4500
=001  12968
=005  20251003085459.0
=008  940809s1989\\\\sp\g\\\\\bc\\\000\0\spa\\
=020  \\$a8486878500
=040  \\$aOI
=041  \\$aspa
=100  \\$aVicente Delgado, Alfonso de$4aut$915268
=245  13$aLa música en el Monasterio de Santa Ana de Avila (siglos XVI-XVIII):$bcatálogo
=260  \\$aMadrid$bSociedad Española de Musicología$c1989
=300  \\$a267 pages$bmusic$c24 cm
=490  1\$aPublicaciones de la Sociedad Española de Musicología. Sección B, Catálogos y documentación$v5
=610  \0$aReal Monasterio de Santa Ana (Avila, Spain)$91781
=650  \0$aMonastery$926216
=650  \0$aLibrary$1http://www.wikidata.org/entity/Q7075$94229
=650  \0$aCatalogue$1http://www.wikidata.org/entity/Q2352616$921484
=650  \0$aMusic history$1http://www.wikidata.org/entity/Q846047$921373
=651  \0$aSpain$1http://www.wikidata.org/entity/Q29$920983
=942  \\$cBOO
=952  \\$00$10$2ddc$40$6BIB_4_000000000000000_ES_AVI$70$8BIB$912950$aORPH$bORPH$cKTS0$d2020-07-08$eKoopman$i18B08$l0$oBIB4 ES.AVI$p20127761$r2021-01-12 00:00:00$w2021-01-12$yBOO$OKoopman
=999  \\$d12968

