=LDR  01011cam a2200241   4500
=001  12969
=005  20250926134857.0
=008  740426s1973\\\\fr\acg\\\\\\\\001\0\fre\\
=020  \\$a2852546736
=040  \\$aOI
=041  \\$afre
=100  \\$aVidal, Pierre,$d-1927$915269$4aut
=245  10$aBach et la machine-orgue
=260  \\$a[Fontenay-sous-Bois]$bStil$c[1973]
=300  \\$av-180 pages$billustration, portraits, music$c22 cm
=600  \0$aBach, Johann Sebastian$d1685-1750$1http://www.wikidata.org/entity/Q1339$94766
=648  \0$a18th Century (1701-1800)$1http://www.wikidata.org/entity/Q7015$920899
=650  \0$aOrgan music$1http://www.wikidata.org/entity/Q2003283$91951
=650  \0$aMusic history$1http://www.wikidata.org/entity/Q846047$921373
=651  \0$aGermany$1http://www.wikidata.org/entity/Q183$9155
=942  \\$cBOO
=952  \\$00$10$40$6BIO_BACH1_E$70$8BIO$912951$aORPH$bORPH$cKTS1_P$d2020-07-08$eKoopman$i44A08$oBIO BACH1 e$p20126738$r2021-01-12 00:00:00$w2021-01-12$yBOO$OKoopman
=999  \\$d12969

