=LDR  01056aam a2200217   4500
=001  12970
=008  230412s1933\\\\||||||||\||||\00|\0bger\d
=041  \\$ager
=100  \\$aVieweg, H.J.$915270$4aut
=245  \\$aChristian Gotthilf Tag (1735-1811) als Meister der nachbachischen Kantate
=260  \\$aLeipzig$bThomas & Hubert$c1933
=500  \\$aInaugural-Dissertation Leipzig
=600  \0$1http://www.wikidata.org/entity/Q1079923$aTag, Christian Gotthilf$d1735-1811$926044
=648  \0$1http://www.wikidata.org/entity/Q7015$a18th Century (1701-1800)$920899
=650  \0$1https://www.wikidata.org/wiki/Q36834$aComposer$1http://www.wikidata.org/entity/Q36834$93625
=650  \0$aCantata$1http://www.wikidata.org/entity/Q174873$921603
=650  \0$aBiography$1http://www.wikidata.org/entity/Q36279$91927
=651  \0$1http://www.wikidata.org/entity/Q183$aGermany$9155
=942  \\$cBOO
=952  \\$00$10$2ddc$40$6BIO_TAG_E$70$8BIO$912952$aORPH$bORPH$cKTS1_P$d2020-07-08$eKoopman$i44E04$oBIO TAG e$p20126593$r2021-01-12 00:00:00$w2021-01-12$yBOO$OKoopman
=999  \\$d12970

