=LDR  00993aam a2200205   4500
=001  12971
=008  250210s1961\\\\||||||||\||||\00|\0\fre\d
=041  \\$afre
=100  \\$aVignal, Marc$d1933-$1http://www.wikidata.org/entity/Q3288475$915271$4aut
=245  \\$aL'Œuvre pour piano seul de Joseph Haydn
=260  \\$aParis$bRichard-Masse$c1961
=490  \\$aLa Revue Musicale. Carnet critique$v249
=600  \0$aHaydn, Joseph$d1732-1809$1http://www.wikidata.org/entity/Q7349$94783
=648  \0$a18th Century (1701-1800)$1http://www.wikidata.org/entity/Q7015$920899
=650  \0$aKeyboard music$1http://www.wikidata.org/entity/Q105715630$921412
=651  \0$aEisenstadt (Austria)$1http://www.wikidata.org/entity/Q126321$939670
=651  \0$aEszterháza (Hungary)$1http://www.wikidata.org/entity/Q667208$923790
=942  \\$cBOO
=952  \\$00$10$2ddc$40$6BIO_HAYD1_E$70$8BIO$912953$aORPH$bORPH$cKTS1_P$d2020-07-08$eKoopman$i34E06$l0$oBIO HAYD1 e$r2021-01-12 00:00:00$w2021-01-12$yBOO$OKoopman
=999  \\$d12971

