=LDR  01985cam a2200397 a 4500
=001  12973
=005  20250120115852.0
=008  021008s2001\\\\gw\a\\\\\bc\\\000\0\ger\\
=020  \\$a3777491500
=040  \\$aOI
=041  0\$ager$aeng
=100  1\$aVignau-Wilberg, Thea.
=245  10$aRembrandt auf Papier :$bWerk und Wirkung = Rembrandt and his followers : drawings from Munich /$cThea Vignau-Wilberg ; mit einem Beitrag von Peter Schatborn.
=246  31$aRembrandt and his followers :$bdrawings from Munich
=260  \\$aMünchen :$bHirmer,$cc2001.
=300  \\$a362 p. :$bill. (some col) ;$c31 cm.
=500  \\$a"Katalog zur Ausstellung der Staatlichen Graphischen Sammlung München, München, Alte Pinakothek, 5.12.2001-10.2.2002, Amsterdam, Museum het Rembrandthuis, 7.9.2002-17.11.2002"--T.p. verso.
=546  \\$aGerman and English.
=504  \\$aIncludes bibliographical references (p. 352-[363]).
=600  00$aRembrandt Harmenszoon van Rijn,$d1606-1669$vExhibitions.
=600  00$aRembrandt Harmenszoon van Rijn,$d1606-1669$xInfluence$vExhibitions.
=610  20$aStaatliche Graphische Sammlung München$vExhibitions.
=650  \0$aRembrandt school$vExhibitions.
=650  \0$aDrawing, Dutch$y17th century$vExhibitions.
=650  \0$aDrawing$zGermany$zMunich$vExhibitions.
=700  1\$aSchatborn, Peter.
=700  0\$aRembrandt Harmenszoon van Rijn,$d1606-1669.
=710  2\$aStaatliche Graphische Sammlung München.
=710  2\$aAlte Pinakothek (Munich, Germany)
=710  2\$aMuseum Het Rembrandthuis (Amsterdam, Netherlands)
=952  \\$00$10$2ddc$40$6BIO_REMB_A$70$8BIO$912955$aORPH$bORPH$cKTS1_P$d2020-07-08$eKoopman$i29F15$oBIO REMB a$p20121268$r2021-01-12 00:00:00$w2021-01-12$yBOO$OKoopman
=999  \\$c12973$d12973
=651  \0$aNetherlands$1http://www.wikidata.org/entity/Q55$9173
=648  \0$a17th Century (1601-1700)$1http://www.wikidata.org/entity/Q7016$920923
=651  \0$aNetherlands$1http://www.wikidata.org/entity/Q55$9173
=942  \\$cBOO

