=LDR  01650cam a22003614a 4500
=001  12974
=005  20250120120548.0
=008  060330s2005\\\\gw\a\\\\\bc\\\000\0\ger\c
=010  \\$a  2006370720
=020  \\$a3777428256
=040  \\$aOI
=041  0\$ager$aeng
=042  \\$apcc
=043  \\$ae-gx---$ae-ne---$ae-be---
=084  \\$2bcl
=100  \\$aVignau-Wilberg, Thea$4aut$915272
=245  10$aIn Europa zu Hause:$bNiederländer in München um 1600 = Citizens of Europe: Dutch and Flemish artists in Munich c. 1600
=260  \\$aMunich$bHirmer$c2005
=300  \\$a454 pages$billustrations (some color)$c26 cm
=504  \\$aIncludes bibliographical references (p. 439-454).
=561  \\$aHandwritten dedication by the author to Ton Koopman: "14.12.2005 | Voor Ton, om München nog beter te leren kennen. Thea"
=600  \0$aWilhelm V.$cHerzog von Bayern$d1548-1626$1http://www.wikidata.org/entity/Q60568$923729
=648  \0$a17th Century (1601-1700)$1http://www.wikidata.org/entity/Q7016$920923
=650  10$aFine art$1http://www.wikidata.org/entity/Q219625$921579
=650  10$aPatronage$1http://www.wikidata.org/entity/Q214092$94245
=650  10$aCourt$922191
=651  \0$aMunich (Germany)$1http://www.wikidata.org/entity/Q1726$9268
=651  \0$aNetherlands$1http://www.wikidata.org/entity/Q55$9173
=651  \0$aFlanders (Belgium)$1http://www.wikidata.org/entity/Q234$989
=700  \\$4trl$aForster, Michael$923728
=942  \\$cBOO
=952  \\$00$10$2ddc$40$6TOP_DE_MUN1_5_000000000000000$70$8TOP$912956$aORPH$bORPH$cKTS0$d2020-07-08$eKoopman$i34B23$oTOP DE.MUN1 5$p20122593$r2021-01-12 00:00:00$w2021-01-12$yBOO
=999  \\$d12974

