=LDR  00970aam a2200205   4500
=001  12975
=008  250619s2013\\\\|||ag|||\||||\00|\0\ger\d
=020  \\$a9783930550937
=041  \\$ager
=100  \\$aVignau-Wilberg, Thea$915272$4aut
=245  \\$aNiederländische Bildmotetten und Motettenbilder.$bMultimediale Kunst um 1600
=260  \\$aAltenburg$bKamprad$c2013
=648  \0$a17th Century (1601-1700)$1http://www.wikidata.org/entity/Q7016$920923
=650  \0$aMotet$1http://www.wikidata.org/entity/Q188285$92028
=650  \0$aIllustration$1http://www.wikidata.org/entity/Q178659$921171
=650  \0$aMultimedia$1http://www.wikidata.org/entity/Q131765$92469
=651  \0$aNetherlands$1http://www.wikidata.org/entity/Q55$1http://www.wikidata.org/entity/Q29999$9173
=942  \\$cBOO
=952  \\$00$10$2ddc$40$6TOP_NL_5_000000000000000$70$8TOP$912957$aORPH$bORPH$cKTS0$d2020-07-08$eKoopman$i41F30$l0$oTOP NL 5$p20120097$r2021-01-12 00:00:00$w2021-01-12$yBOO$OKoopman
=999  \\$d12975

