=LDR  01659cam a22003377i 4500
=001  12978
=008  180202s2017\\\\gw\abch\\bc\\\001\0\ger\d
=020  \\$z9783775741736
=020  \\$a9783775741729
=041  \\$ager
=100  \\$aVignau-Wilberg, Thea$4aut$915272
=245  10$aJoris und Jacob Hoefnagel:$bKunst und Wissenschaft um 1600
=260  \\$aBerlin$bHatje Cantz$c2017
=300  \\$a544 pages$billustrations
=490  \\$aJahresgabe des Deutschen Vereins für Kunstwissenschaft$v2017
=504  \\$aIncludes bibliographical references (pages 512-538) and index.
=600  \0$aHoefnagel, Joris$d1542-1601$1http://www.wikidata.org/entity/Q1388840$915276
=600  \0$aHoefnagel, Jacob$d1573?-c. 1632$1http://www.wikidata.org/entity/Q1389562$915277
=648  \0$a16th Century (1501-1600)$1http://www.wikidata.org/entity/Q7017$920944
=648  \0$a17th Century (1601-1700)$1http://www.wikidata.org/entity/Q7016$920923
=650  \0$aFine art$1http://www.wikidata.org/entity/Q219625$921579
=650  \0$aScience$1http://www.wikidata.org/entity/Q7991$921650
=651  \0$aFlanders (Belgium)$1http://www.wikidata.org/entity/Q234$989
=700  \\$aHoefnagel, Joris$d1542-1601$4art$1http://www.wikidata.org/entity/Q1388840$915276
=700  \\$aHoefnagel, Jacob$d1573?-c. 1632$4art$1http://www.wikidata.org/entity/Q1389562$915277
=700  \\$aFoster, Michael$4trl$915280
=700  \\$aMoseley, Allison$4trl$915281
=700  \\$aWolfson, Michael$4trl$915282
=942  \\$cBOO
=952  \\$00$10$2ddc$40$6BIO_HOEF_E$70$8BIO$912960$aORPH$bORPH$cKTS1_P$d2020-07-08$eKoopman$i47G01$l0$oBIO HOEF e$p20121520$r2021-01-12 00:00:00$w2021-01-12$yBOO
=999  \\$d12978

