=LDR  00371    a2200109   4500
=001  12980
=100  \\$aVigorrelli, G.$915297
=245  \\$aL'opera completa di Giotto
=260  \\$c1977
=942  \\$cBOO
=952  \\$00$10$2ddc$40$6BIO_GIOT_E$70$8BIO$912962$aORPH$bORPH$cKTS1_P$d2020-07-08$eKoopman$i25F10$l0$oBIO GIOT e$p20129388$r2021-01-12 00:00:00$w2021-01-12$yBOO$OKoopman
=999  \\$c12980$d12980

