=LDR  00954nam a2200217 a 4500
=001  12981
=005  20250120120003.0
=008  831227s1982\\\\it\a\\\\\\\\\\000\0\ita\\
=020  \\$a8870321185 :$cL15000
=040  \\$aOI
=100  \\$aVillani, Leonida$915298
=245  10$aLeonardo a Milano /$cLeonida Villani.
=260  \\$aAosta :$bMusumeci,$cc1982.
=300  \\$a143 p. :$bill. (some col.) ;$c24 cm.
=600  \0$aLeonardo$cda Vinci$d1452-1519$1http://www.wikidata.org/entity/Q762$915299
=651  \0$aMilan (Italy)$1http://www.wikidata.org/entity/Q490$9271
=600  \0$aLudovico Sforza$cDuke of Milan$d1452-1508$1http://www.wikidata.org/entity/Q236853$915300
=700  \\$aLeonardo$cda Vinci$d1452-1519$1http://www.wikidata.org/entity/Q762$915299
=942  \\$cBOO
=952  \\$00$10$2ddc$40$6BIO_LEON_D$70$8BIO$912963$aORPH$bORPH$cKTS1_P$d2020-07-08$eKoopman$i18D11$l0$oBIO LEON d$p20125061$r2021-01-12 00:00:00$w2021-01-12$yBOO$OKoopman
=999  \\$c12981$d12981

