=LDR  00943    a2200205   4500
=001  12982
=008  230615s1901\\\\it\ga|||\||||\00|\0\ita\d
=041  \\$aita
=100  \\$aVillanis, Luigi Alberto$4aut$915301
=245  \\$aL'Arte del Clavicembalo. Opera adottata nel Civico Liceo Musicale Benedetto Marcello di Venezia
=260  \\$c1901$aRoma$bBocca
=300  \\$a608 pages
=648  \0$1http://www.wikidata.org/entity/Q192630$aPast$922196
=650  \0$1http://www.wikidata.org/entity/Q2250960$aMethod$921402
=650  \0$1http://www.wikidata.org/entity/Q52954$aKeyboard instrument$92849
=650  \0$1http://www.wikidata.org/entity/Q899293$aOrganology$921400
=651  \0$1http://www.wikidata.org/entity/Q641$aVenice (Italy)$91
=942  \\$cBOO
=952  \\$00$10$2ddc$40$6INS_3_000000000000000_2C_VILL$70$8INS$912964$aORPH$bORPH$cKTS0$d2020-07-08$eKoopman$i45D23$l0$oINS3.2c VILL$p20127307$r2021-01-12 00:00:00$w2021-01-12$yBOO$OKoopman
=999  \\$d12982

