=LDR  00763    a2200193   4500
=001  12983
=008  220523s1986\\\\fr\a||||\||||\00|\0\fre\d
=041  \\$afre
=100  \\$4aut$aVarious$94793
=245  \\$aConcert d'inauguration sur l'Orgue historique restauré. Lanvellec 15 et 16 Novembre 1986
=260  \\$c1986
=300  \\$a15 pages
=336  \\$aprinted
=650  \0$aOrgan$1http://www.wikidata.org/entity/Q1444$92810
=650  \0$aOrgan music$1http://www.wikidata.org/entity/Q2003283$91951
=651  \0$aFrance$1http://www.wikidata.org/entity/Q142$9131
=942  \\$cBOO
=952  \\$00$10$2ddc$40$6INS_3_000000000000000_1A_FR_LAN$70$8INS$912965$aORPH$bORPH$cKTS0$d2020-07-08$eKoopman$i21A17$oINS3.1a FR.LAN$p20128327$r2021-01-12 00:00:00$w2021-01-12$yBOO
=999  \\$d12983

