=LDR  01279aam a2200241   4500
=001  12987
=008  230414s1979\\\\|||a||||\||||\00|\0ddut\d
=020  \\$a9789022838983
=041  \\$adut
=100  \\$aVinne, V.L. van der$4aut$915305
=245  \\$aDagelijckse aentekeninge van Vincent Laurensz van der Vinne:$bReisjournaal van een Haarlems schilder 1652-1655
=260  \\$c1979
=300  \\$a207 pages
=500  \\$aVincent Laurensz van der Vinne (1628–1702) was a Dutch Mennonite painter, linen-weaver, and writer.
=500  \\$aJournal of the painter, who travelled through Germany, Switzerland and France for three years, illustrating his report with drawings.
=648  \0$1http://www.wikidata.org/entity/Q7016$a17th Century (1601-1700)$920923
=650  \0$aPainter$1http://www.wikidata.org/entity/Q1028181$93914
=650  \0$1https://www.wikidata.org/wiki/Q219625$aFine art$1http://www.wikidata.org/entity/Q219625$921579
=650  \0$aTravel$1http://www.wikidata.org/entity/Q61509$94440
=700  1\$1http://www.wikidata.org/entity/Q110561506$4edt$4win$aSliggers, Bert$926064
=942  \\$cBOO
=952  \\$00$10$2ddc$40$6BIO_VINN_A$70$8BIO$912969$aORPH$bORPH$cKTS1_P$d2020-07-08$eKoopman$i20B24$oBIO VINN a$p20127980$r2021-01-12 00:00:00$w2021-01-12$yBOO$OKoopman
=999  \\$d12987

