=LDR  01347aam a2200181   4500
=001  12992
=008  240703s1967\\\\||||||||\||||\00|\0\dut\d
=041  \\$adut
=100  \\$aVis, G. J.$915309$4aut
=245  \\$aJohannes Kinker en zijn literaire theorie:$bBijdrage tot een interpretatie van de voorredes bij zijn gedichten (1819-1821)
=260  \\$c1967$aZwolle$bWillink
=300  \\$a396 pages
=500  \\$aJohannes Kinker (1764-1845) was one of the most important Dutch thinkers and writers during the transition from the eighteenth to the nineteenth century. His work ranges from philosophical poetry and satirical prose to theoretical language and literature. Kinker was an utter non-conformist, someone who did not indulge in snobbery or any partiality. Not only in his work, but also in the many societies of which Kinker was a member, he propagated an enlightened world citizenship, based on tolerance and cosmopolitanism. His weapon was often irony, with which he attacked the flaws of his time, including his own.
=650  \0$aLiterature$1http://www.wikidata.org/entity/Q8242$94439
=650  \0$aCriticism$1http://www.wikidata.org/entity/Q17955$92252
=942  \\$cBOO
=952  \\$00$10$2ddc$40$6BIO_KINK_E$70$8BIO$912974$aORPH$bORPH$cKTS1_P$d2020-07-08$eKoopman$i33G35$oBIO KINK e$p20122674$r2021-01-12 00:00:00$w2021-01-12$yBOO$OKoopman
=999  \\$d12992

