=LDR  00907aam a2200217   4500
=001  12993
=005  20251001162312.0
=008  230524s1947\\\\||||||||\||||\00|\0\ger\d
=020  \\$a326201303X
=041  \\$ager
=100  1\$aVischer, Dora C.$915310$4aut
=245  \\$aDer musikgeschichtliche Traktat des Pierre Bourdelot, 1610 bis 1685
=260  \\$c1947$aBern$bHaupt
=300  \\$a173 pages
=490  \\$aBerner Veröffentlichungen zur Musikforschung$v14
=600  \0$1http://www.wikidata.org/entity/Q463469$aBourdelot, Pierre$d1610-1685$95712
=650  \0$1http://www.wikidata.org/entity/Q846047$aMusic history$921373
=650  \0$1http://www.wikidata.org/entity/Q2092865$aMusic philosophy and aesthetics$921165
=942  \\$cBOO
=952  \\$00$10$2ddc$40$6BIO_BOUR_E$70$8BIO$912975$aORPH$bORPH$cKTS1_P$d2020-07-08$eKoopman$i20B49$oBIO BOUR e$p20127955$r2021-01-12 00:00:00$w2021-01-12$yBOO$OKoopman
=999  \\$d12993

