=LDR  01913cam a2200373 a 4500
=001  12994
=005  20251003085459.0
=008  921117s1992\\\\it\a\\\\\bc\\\001\0\ita\\
=020  \\$a8843538586
=040  \\$aOI
=041  \\$aita
=245  00$aDa Pisanello a Tiepolo:$bdisegni veneti dal Fitzwilliam Museum di Cambridge
=260  \\$aMilan$bElecta$c1992
=300  \\$a246 pages$billustrations (some color)$c27 cm
=490  1\$aCataloghi di mostre$v50
=504  \\$aIncludes bibliographical references (p. 241-244) and indexes.
=590  \\$aMostra e catalogo a cura di Alessandro Bettagno
=600  \0$aPisanello$d1395-c. 1455$1http://www.wikidata.org/entity/Q311082$912595
=600  \0$aTiepolo, Giovanni Battista$d1696-1770$1http://www.wikidata.org/entity/Q186202$914601
=610  \0$aFitzwilliam Museum (Cambridge, United Kingdom)$1http://www.wikidata.org/entity/Q1421440$91388
=648  \0$a15th Century (1401-1500)$1http://www.wikidata.org/entity/Q7018$921015
=648  \0$a16th Century (1501-1600)$1http://www.wikidata.org/entity/Q7017$920944
=648  \0$a17th Century (1601-1700)$1http://www.wikidata.org/entity/Q7016$920923
=648  \0$a18th Century (1701-1800)$1http://www.wikidata.org/entity/Q7015$920899
=650  \0$aFine art$1http://www.wikidata.org/entity/Q219625$921579
=650  \0$aCatalogue$1http://www.wikidata.org/entity/Q2352616$1http://www.wikidata.org/entity/Q6941730$921484
=651  \0$aVenice (Italy)$1http://www.wikidata.org/entity/Q641$91
=700  \\$aVisentini, B.$941064$4aut
=700  \\$aJervis, Simon$1http://www.wikidata.org/entity/Q15994543$927359$4aut
=700  \\$aBettagno, Alessandro$915311$4aut
=700  \\$aScrase, D.$941065$4aut
=942  \\$cBOO
=952  \\$00$10$2ddc$40$6TOP_IT_VEN_4_000000000000000$70$8TOP$912976$aORPH$bORPH$cKTS0$d2020-07-08$eKoopman$i38C47$l0$oTOP IT.VEN 4$p20120403$r2021-01-12 00:00:00$w2021-01-12$yBOO$OKoopman
=999  \\$d12994

