=LDR  00762aam a2200181   4500
=001  12997
=008  240409s1988\\\\||||||||\||||\00|\0\dut\d
=041  \\$adut
=100  \\$aVisser, P.$915314$4aut
=245  \\$aHet lied dat nooit verstomde:$bvier eeuwen doopsgezinde liedboekjes
=260  \\$aDen Ilp$bs.n.$c1988
=610  \0$aMennonite Church$1http://www.wikidata.org/entity/Q110223$927226
=650  \0$aSong$1http://www.wikidata.org/entity/Q7366$94164
=650  \0$aBook$1http://www.wikidata.org/entity/Q571$92285
=651  \0$aNetherlands$1http://www.wikidata.org/entity/Q55$9173
=942  \\$cBOO
=952  \\$00$10$2ddc$40$6TOP_NL$70$8TOP$912979$aORPH$bORPH$cKTS0$d2020-07-08$eKoopman$i19E23$l0$oTOP NL$p20125290$r2021-01-12 00:00:00$w2021-01-12$yBOO$OKoopman
=999  \\$d12997

