=LDR  01214acm a2200253   4500
=001  13032
=008  230315s1964\\\\|||||a||\||||\00|\0\ita\d
=041  \\$aita$dita
=059  \\$a2S 3A T 2B trb timp 2vn 2vla basso hpd
=100  \\$aVivaldi, Antonio$d1678-1741$4cmp$1http://www.wikidata.org/entity/Q1340$911980
=240  \\$aRV 714
=245  \\$aLa fida ninfa
=260  \\$aCremona$bAthenaeum Cremonese$c1964
=490  \\$aInstituta et Monumenta serie I: Monumenta$v3
=610  \0$aTeatro Filarmonico (Verona, Italy)$1http://www.wikidata.org/entity/Q3527898$922823
=648  \0$a18th Century (1701-1800)$1http://www.wikidata.org/entity/Q7015$920899
=650  \0$aOpera seria$1http://www.wikidata.org/entity/Q210675$925224
=650  \0$aPastoral$1http://www.wikidata.org/entity/Q1472271$92271
=651  \0$aVerona (Italy)$1http://www.wikidata.org/entity/Q2028$921086
=700  \\$4lbt$aMaffei, Scipione$d1675-1755$1http://www.wikidata.org/entity/Q1587432$96886
=700  \\$4edt$925850$aMonterosso, R.
=942  \\$cSCO
=952  \\$00$10$2ddc$40$6SCO_XL_VIVA$70$8SCO$913014$aORPH$bORPH$cKTS1_P$d2020-07-08$eKoopman$iWG.groot.001$l0$oSCO XL VIVA$p20124184$r2021-01-12 00:00:00$w2021-01-12$ySCO$OW.groot.001
=999  \\$d13032

