=LDR  01624aam a2200301   4500
=001  13033
=008  211224s1990\\\\\\\a||||\||||\00|\0\ita\d
=020  \\$a9788843533190
=041  \\$aita
=100  \\$aVivian, Frances$4aut$915317
=245  \\$aDa Raffaello a Canaletto: La Collezione del Console Smith.$bGrandi disegni italiani dalla Royal Library di Windsor
=260  \\$aMilan$bElecta$c1990
=300  \\$a202 pages$billustrations (some color)
=600  \0$aSmith, Joseph$d1682-1770$1http://www.wikidata.org/entity/Q476702$923325
=600  \0$aRicci, Sebastiano$d1659-1734$1http://www.wikidata.org/entity/Q506483$924175
=600  \0$aRicci, Marco$d1676-1730$1http://www.wikidata.org/entity/Q930162$924176
=600  \0$aCanaletto$d1697-1768$1http://www.wikidata.org/entity/Q182664$922871
=610  \0$aWindsor Castle (United Kingdom)$1http://www.wikidata.org/entity/Q42646$923324
=648  \0$a16th Century (1501-1600)$1http://www.wikidata.org/entity/Q7017$920944
=648  \0$a17th Century (1601-1700)$1http://www.wikidata.org/entity/Q7016$920923
=648  \0$a18th Century (1701-1800)$1http://www.wikidata.org/entity/Q7015$920899
=650  \0$aFine art$1http://www.wikidata.org/entity/Q219625$921579
=650  \0$aScenography$1http://www.wikidata.org/entity/Q737201$921278
=650  \0$aPortrait$1http://www.wikidata.org/entity/Q134307$92622
=651  \0$aUnited Kingdom$1http://www.wikidata.org/entity/Q21$9273
=942  \\$cBOO
=952  \\$00$10$2ddc$40$6TOP_GB_WIN$70$8TOP$913015$aORPH$bORPH$cKTS0$d2020-07-08$eKoopman$i18B05$l1$oTOP GB.WIN$p20127764$r2022-10-27 00:00:00$s2022-10-07$w2021-01-12$yBOO
=999  \\$d13033

