=LDR  00814aam a2200193   4500
=001  13034
=005  20250926134857.0
=008  250616b\\\\\\\\||||||||\||||\00|\0\dut\d
=041  \\$adut
=100  \\$aVladeracken, G. Van$915318$4aut
=245  \\$aHet klavier bij Bach
=260  \\$aNaarden$bIn Den Toren$cs.d.
=600  \0$aBach, Johann Sebastian$d1685-1750$1http://www.wikidata.org/entity/Q1339$94766
=648  \0$a18th Century (1701-1800)$1http://www.wikidata.org/entity/Q7015$920899
=650  \0$aKeyboard instrument$1http://www.wikidata.org/entity/Q52954$92849
=651  \0$aGermany$1http://www.wikidata.org/entity/Q183$9155
=942  \\$cBOO
=952  \\$00$10$40$6BIO_BACH1_E$70$8BIO$913016$aORPH$bORPH$cKTS1_P$d2020-07-08$eKoopman$i23E04$oBIO BACH1 e$p20128964$r2021-01-12 00:00:00$w2021-01-12$yBOO$OKoopman
=999  \\$d13034

