=LDR  00872    a2200205   4500
=001  13035
=008  221003s1992\\\\nl\fh|||\||||\00|\0\dut\d
=020  \\$a9064696683
=041  \\$adut
=100  \\$aVlagsma, Auke H.$d-1939$4aut$915319
=245  \\$aHet "Hollandse" orgel in de periode van 1670 tot 1730
=260  \\$c1992$aAlphen aan de Rijn$bCanaletto
=300  \\$a338 pages
=648  \0$a17th Century (1601-1700)$1http://www.wikidata.org/entity/Q7016$920923
=650  \0$aOrgan$1http://www.wikidata.org/entity/Q1444$92810
=650  \0$aOrganology$1http://www.wikidata.org/entity/Q899293$921400
=651  \0$aNetherlands$1http://www.wikidata.org/entity/Q55$9173
=942  \\$cBOO
=952  \\$00$10$2ddc$40$6INS_3_000000000000000_1A_NL$70$8INS$913017$aORPH$bORPH$cKTS0$d2020-07-08$eKoopman$i24D25$l0$oINS3.1a NL$p20129113$r2021-01-12 00:00:00$w2021-01-12$yBOO$OKoopman
=999  \\$d13035

