=LDR  01518cam a2200313 a 4500
=001  13037
=005  20250505210415.0
=008  050111s2004\\\\be\ab\\\\br\\\001\0ddut\\
=020  \\$a9080885517
=041  0\$adut$aeng
=100  \\$aDe Vlieger-De Wilde, Koen$4edt$915320
=245  00$aAdresboek van zeventiende-eeuwse drukkers, uitgevers en boekverkopers in Vlaanderen
=246  31$aDirectory of seventeenth-century printers, publishers and booksellers in Flanders
=260  \\$aAntwerpen$bVereniging van Antwerpse Bibliofielen$c2004
=300  \\$a168 pages$bill., map$c24 cm
=490  \\$aUitgaven van de Vereniging van Antwerpse Bibliofielen, Nieuwe Reeks$v1
=504  \\$aIncludes bibliographical references (p. 164-168) and indexes.
=648  \0$a17th Century (1601-1700)$1http://www.wikidata.org/entity/Q7016$920923
=650  \0$aPrinting$1http://www.wikidata.org/entity/Q11034$921936
=650  \0$aPublishing$1http://www.wikidata.org/entity/Q3972943$93049
=650  \0$aTranslation$1http://www.wikidata.org/entity/Q7553$92492
=650  \0$aBook$1http://www.wikidata.org/entity/Q571$92285
=651  \0$aFlanders (Belgium)$1http://www.wikidata.org/entity/Q234$989
=700  \\$aDepuydt, Joost$939345$4edt
=700  \\$aProot, Joran$4edt$939346
=700  \\$aRossem, Stijn van$939347$4edt
=942  \\$cBOO
=952  \\$00$10$2ddc$40$6BIB_4_000000000000000_BE_FLA$70$8BIB$913019$aORPH$bORPH$cKTS0$d2020-07-08$eKoopman$i33F12$l0$oBIB4 BE.FLA$p20120905$r2021-01-12 00:00:00$w2021-01-12$yBOO$OKoopman
=999  \\$d13037

