=LDR  01086cam a22002534a 4500
=001  13038
=005  20250121142129.0
=008  051221s2005\\\\ne\a\\\\\b\\\\001\0bdut\\
=020  \\$a9077503374
=040  \\$aOI
=100  1\$aVliet, Rietje van.
=245  10$aElie Luzac (1721-1796) :$bboekverkoper van de Verlichting /$cRietje van Vliet.
=260  \\$a[Nijmegen] :$bVantilt,$cc2005.
=300  \\$a698 p. :$bill. ;$c25 cm.
=504  \\$aIncludes bibliographical references (p. 649-666) and index.
=600  10$aLuzac, Elie,$d1721-1796.
=650  \0$aBooksellers and bookselling$zNetherlands$vBiography.
=650  \0$aBooksellers and bookselling$zNetherlands$zLeiden$xHistory$y18th century.
=650  \0$aEnlightenment$zNetherlands.
=952  \\$00$10$2ddc$40$6BIO_LUZA_D$70$8BIO$913020$aORPH$bORPH$cKTS1_P$d2020-07-08$eKoopman$i30D11$oBIO LUZA d$p20121193$r2021-01-12 00:00:00$w2021-01-12$yBOO$OKoopman
=999  \\$c13038$d13038
=651  \0$aNetherlands$1http://www.wikidata.org/entity/Q55$9173
=648  \0$a18th Century (1701-1800)$1http://www.wikidata.org/entity/Q7015$920899
=942  \\$cBOO

