=LDR  01570aam a2200229   4500
=001  13040
=008  220708m19691972||||||||\||||\00|\0deng\d
=041  \\$aeng
=100  \\$aVoet, L.$4aut$915322
=245  \\$aThe Golden Compasses;$bA History and Evaluation of the Printing and Publishing Activities of the Officina Plantiniana at Antwerp $nVol. 1: Christophe Plantin and the Moretuses: their lives and their world$nVol. 2: The management of a printing and publishing house in Renaissance and Baroque
=260  \\$aVangendt$bAmsterdam$c1969$c1972
=300  \\$a2 vols.
=600  \0$aPlantin, Christophe$d1520-1589$1http://www.wikidata.org/entity/Q380360$924155
=610  \0$aPlantijn (Antwerp, Belgium)$1http://www.wikidata.org/entity/Q5254948$924517
=648  \0$a16th Century (1501-1600)$1http://www.wikidata.org/entity/Q7017$920944
=650  \0$aPrinting$1http://www.wikidata.org/entity/Q11034$921936
=650  \0$aPublishing$1http://www.wikidata.org/entity/Q3972943$93049
=651  \0$aAntwerp (Belgium)$1http://www.wikidata.org/entity/Q12892$920974
=942  \\$cBOO
=952  \\$00$10$2ddc$3vol. 1: Christophe Plantin and the Moretuses$40$6BIB_4_000000000000000_BE_ANT$70$8BIB$913022$aORPH$bORPH$cKTS0$d2020-07-08$eKoopman$i38B01$oBIB4 BE.ANT$p20120479$r2021-01-12 00:00:00$w2021-01-12$yBOO
=952  \\$00$10$2ddc$3vol. 2: The management of a printing and publishing house in the Renaissance and Baroque$40$6BIB_4_000000000000000_BE_ANT$70$8BIB$913023$aORPH$bORPH$cKTS0$d2020-07-08$eKoopman$i38B01$oBIB4 BE.ANT$p20120478$r2021-01-12 00:00:00$w2021-01-12$yBOO
=999  \\$d13040

