=LDR  01723aaa a2200313   4500
=001  13042
=005  20251008162402.0
=008  211015m18921962\\\|||||\c|||\00|\0\mul\d
=041  \\$ager$aita
=245  \\$aBibliothek der gedruckten weltlichen Vocalmusik Italiens aus den Jahren 1500-1700$nVols 1 & 2
=260  \\$aHildesheim$bOlms$c1962
=300  \\$a2 vols. (xxiv-530+832 pages)
=500  \\$afacsimile edition
=534  \\$aOriginally published in Berlin, 1892.
=590  \\$aenthaltend die Litteratur der Frottole, Madrigale, Canzonette, Arien, Opern etc. Von Emil VOgel. Mit Nachträgen von Prof. Alfred Einstein. 
=648  \0$a16th Century (1501-1600)$1http://www.wikidata.org/entity/Q7017$920944
=648  \0$a17th Century (1601-1700)$1http://www.wikidata.org/entity/Q7016$920923
=650  \0$aVocal music$1http://www.wikidata.org/entity/Q685884$93319
=650  \0$aBibliography$1http://www.wikidata.org/entity/Q134995$93965
=650  \0$aMadrigal$1http://www.wikidata.org/entity/Q193217$921649
=650  \0$aOpera$1http://www.wikidata.org/entity/Q1344 $92468
=650  \0$aMusic printing$1http://www.wikidata.org/entity/Q64416036$94007
=651  \0$aItaly$1http://www.wikidata.org/entity/Q38$922
=700  \\$4aut$aVogel, Emil$915323
=700  \\$4aut$aEinstein, Alfred$d1880-1952$910698
=942  \\$cBOO
=952  \\$00$10$2ddc$3vol. 1$40$6BIB_4_000000000000000_IT_4$70$8BIB$913024$aORPH$bORPH$cKTS0$d2020-07-08$eKoopman$i20F02-03$oBIB4 IT 4$p20128106$r2021-01-12 00:00:00$w2021-01-12$yBOO$OKoopman
=952  \\$00$10$2ddc$3vol. 2$40$6BIB_4_000000000000000_IT_4$70$8BIB$913025$aORPH$bORPH$cKTS0$d2020-07-08$eKoopman$i20F02-03$oBIB4 IT 4$p20128105$r2021-01-12 00:00:00$w2021-01-12$yBOO$OKoopman
=999  \\$d13042

