=LDR  00359    a2200109   4500
=001  13044
=100  \\$aVogel, Emil$915323
=245  \\$aMarco da Gagliano
=260  \\$c1889
=942  \\$cBOO
=952  \\$00$10$2ddc$40$6BIO_GAGL_D$70$8BIO$913026$aORPH$bORPH$cKTS1_P$d2020-07-08$eKoopman$i32E07$l0$oBIO GAGL d$p20122861$r2021-01-12 00:00:00$w2021-01-12$yBOO$OKoopman
=999  \\$c13044$d13044

