=LDR  01318cam a2200313 a 4500
=001  13045
=005  20250708140228.0
=008  980421s1997\\\\gw\ah\\\\b\\\\001\0\ger\d
=020  \\$a3931785505
=041  \\$ager
=042  \\$alccopycat
=043  \\$ae-gx---
=245  10$aOrgeln in Niedersachsen 
=260  \\$aBremen $bH.M. Hauschild$c1997
=300  \\$a390 pages$bill. (some col.), facsimiles$c27 cm
=504  \\$aIncludes bibliographical references (p. 368-372) and indexes.
=648  \0$a17th Century (1601-1700)$1http://www.wikidata.org/entity/Q7016$920923
=648  \0$a18th Century (1701-1800)$1http://www.wikidata.org/entity/Q7015$920899
=650  \0$aOrgan$1http://www.wikidata.org/entity/Q1444$92810
=650  \0$aOrganist$1http://www.wikidata.org/entity/Q765778$94471
=651  \0$aGermany$1http://www.wikidata.org/entity/Q183$9155
=651  \0$aLower Saxony (Germany)$1http://www.wikidata.org/entity/Q1197$922735
=700  \\$aLade, Günter$4aut$915324
=700  \\$aBorger-Keweloh, Nicola$4aut$915325
=700  \\$aHofer, Volkhard$d1941-$4aut$915326
=700  \\$aVogel, Harald$4aut$915184
=942  \\$cBOO
=952  \\$00$10$2ddc$40$6INS_3_100000000000000_A_DE$70$8INS$913027$aORPH$bORPH$cKTS0$d2020-07-08$eKoopman$i21A36$oINS 3.1 a DE$p20128308$r2021-01-12 00:00:00$w2021-01-12$yBOO
=999  \\$d13045

