=LDR  00372    a2200109   4500
=001  13048
=100  \\$aVogelweide, W. von$915328
=245  \\$aDie Gedichte Walthers von der Vog
=260  \\$c1907
=942  \\$cBOO
=952  \\$00$10$2ddc$40$6LIT_VOGE_A$70$8LIT$913030$aORPH$bORPH$cKM12_2_H$d2020-07-08$eKoopman$i43B44$oLIT VOGE a$p20127209$r2021-01-12 00:00:00$w2021-01-12$yBOO
=999  \\$c13048$d13048

