=LDR  01055nam a2200265 a 4500
=001  13049
=005  20250926134857.0
=008  970204s1994\\\\gw\a\\\\\bc\\\000\0\ger\d
=010  \\$a   97111762 
=020  \\$a3873971291
=035  \\$a(OCoLC)36217323
=035  \\$a(CStRLIN)NYPGR36217323-B
=040  \\$aNN$cNN$dCStRLIN$dDLC
=042  \\$alccopycat
=245  00$aBach-Bildnisse als Widerspiegelung des Bach-Bildes :$bKatalog /$cRedaktion, Gisela Vogt ; Mitarbeit, Katrin Steden.
=260  \\$aMünchen :$bE. Katzbichler,$cc1994.
=300  \\$a89 p. :$bill. (some col.) ;$c24 cm.
=504  \\$aIncludes bibliographical references (p. [87]-89).
=600  \0$aBach, Johann Sebastian$d1685-1750$1http://www.wikidata.org/entity/Q1339$94766
=700  \\$aVogt, Gisela$915330
=700  \\$aSteden, Katrin.$915331
=710  \\$aBachhaus (Eisenach, Germany)$91787
=942  \\$cBOO
=952  \\$00$10$2ddc$40$6BIO_BACH1_B$70$8BIO$913031$aORPH$bORPH$cKTS1_P$d2020-07-08$eKoopman$i33A26$oBIO BACH1 b$p20123033$r2021-01-12 00:00:00$w2021-01-12$yBOO
=999  \\$c13049$d13049

