=LDR  01074aam a2200205   4500
=001  13051
=008  250122s1977\\\\|||aof||\||||\00|\0|mul\d
=041  \\$acze$aeng$ager
=100  \\$aVolek, Tomislav$d1931-$1http://www.wikidata.org/entity/Q2440792$915333$4aut$4edt
=245  \\$aDějiny české hudby v obrazech - Geschichte der Tschechischen Musik in Bildern - The history of czech music in pictures.$bod nejstarších památek do vybudování Národního divadla.
=260  \\$c1977$aPrague$bSupraphon
=300  \\$a462 pages
=650  \0$aMusic history$1http://www.wikidata.org/entity/Q846047$921373
=650  \0$aIconography$1http://www.wikidata.org/entity/Q208145$921259
=651  \0$aCzech Republic$1http://www.wikidata.org/entity/Q213$921253
=700  \\$aKouba, Jan$1http://www.wikidata.org/entity/Q84903611$4aut$939553
=700  \\$aJareš, Stanislav$4edt$939554
=942  \\$cBOO
=952  \\$00$10$2ddc$40$6TOP_CZ_0_000000000000000$70$8TOP$913033$aORPH$bORPH$cKTS0$d2020-07-08$eKoopman$i18F7$l0$oTOP CZ 0$p20127799$r2021-01-12 00:00:00$w2021-01-12$yBOO$OKoopman
=999  \\$d13051

