=LDR  01040cam a2200253 a 4500
=001  13054
=005  20251031163758.0
=008  881228s1986\\\\gw\ab\\\\bk\\\001\0\ger\\
=041  \\$ager
=100  \\$aVölkl, Helmut$4edt$915336
=245  10$aOrgeln in Württemberg
=260  \\$aNeuhausen$aStuttgart$bHänssler$c1986
=300  \\$a368 pages$bcol. ill., col. maps $c30 cm
=490  1\$a110. Veröffentlichung der Gesellschaft der Orgelfreunde
=504  \\$aBibliography: p. 351-357.
=504  \\$aDiscography: p. 358-359.
=650  \0$aOrgan$1http://www.wikidata.org/entity/Q1444$92810
=650  \0$aOrganology$1http://www.wikidata.org/entity/Q899293$921400
=651  \0$aBaden-Württemberg (Germany)$1http://www.wikidata.org/entity/Q985$922802
=700  \\$4ctb$aRehfeldt, Wolfram$923814
=700  \\$4ctb$aRehm, Gerhard$923815
=942  \\$cBOO
=952  \\$00$10$2ddc$40$6INS_3_000000000000000_1A_DE_WUR$70$8INS$913036$aORPH$bORPH$cKTS0$d2020-07-08$eKoopman$i34C23$oINS3.1a DE.WUR$p20122564$r2021-01-12 00:00:00$w2021-01-12$yBOO
=999  \\$d13054

