=LDR  00352    a2200109   4500
=001  13055
=100  \\$aVoll, W.$915337
=245  \\$aDaniel Friderici
=260  \\$c1936
=942  \\$cBOO
=952  \\$00$10$2ddc$40$6BIO_FRID_D$70$8BIO$913037$aORPH$bORPH$cKTS1_P$d2020-07-08$eKoopman$i38E30$oBIO FRID d$p20120370$r2021-01-12 00:00:00$w2021-01-12$yBOO$OKoopman
=999  \\$c13055$d13055

