=LDR  01803cam a2200313 a 4500
=001  13059
=005  20250602160724.0
=008  811019s1982\\\\miug\\\\\bc\\\001\0\eng\\
=020  \\$a0835712818
=040  \\$aOI
=041  \\$aeng
=100  \\$aVollen, Gene E.$915338
=245  14$aThe French Cantata :$bA Survey and Thematic Catalog
=260  \\$aAnn Arbor, Michigan$bUMI$c1970$c1982
=300  \\$axii-815 pages$bprinted single sided, 4 ring binders
=490  \\$aStudies in musicology :$vNo. 51
=504  \\$aBibliography: p. [803]-810.
=648  \0$a17th Century (1601-1700)$1http://www.wikidata.org/entity/Q7016$920923
=648  \0$a18th Century (1701-1800)$1http://www.wikidata.org/entity/Q7015$920899
=650  \0$aCantata$1http://www.wikidata.org/entity/Q174873$921603
=650  \0$aVocal music$1http://www.wikidata.org/entity/Q685884$93319
=650  \0$aBibliography$1http://www.wikidata.org/entity/Q134995$93965
=651  \0$aFrance$1http://www.wikidata.org/entity/Q142$9131
=942  \\$cBOO
=952  \\$00$10$2ddc$3vol. 1$40$6BIB_4_000000000000000_FR_5$70$8BIB$913038$aORPH$bORPH$cKTS0$d2020-07-08$eKoopman$i19A21a$l0$oBIB4 FR 5$p20125155$r2021-01-12 00:00:00$w2021-01-12$yBOO$OKoopman
=952  \\$00$10$2ddc$3vol. 2$40$6BIB_4_000000000000000_FR_5$70$8BIB$913039$aORPH$bORPH$cKTS0$d2020-07-08$eKoopman$i19A21b$l0$oBIB4 FR 5$p20125154$r2021-01-12 00:00:00$w2021-01-12$yBOO$OKoopman
=952  \\$00$10$2ddc$3vol. 3$40$6BIB_4_000000000000000_FR_5$70$8BIB$913040$aORPH$bORPH$cKTS0$d2020-07-08$eKoopman$i19A21c$l0$oBIB4 FR 5$p20125153$r2021-01-12 00:00:00$w2021-01-12$yBOO$OKoopman
=952  \\$00$10$2ddc$3vol. 4$40$6BIB_4_000000000000000_FR_5$70$8BIB$913041$aORPH$bORPH$cKTS0$d2020-07-08$eKoopman$i19A21d$l0$oBIB4 FR 5$p20125152$r2021-01-12 00:00:00$w2021-01-12$yBOO$OKoopman
=999  \\$d13059

