=LDR  01199cam a22002654a 4500
=001  13060
=005  20250120120240.0
=008  010725s2001\\\\ne\a\\\\\b\\\\001\0ddut\\
=020  \\$a9065506365
=040  \\$aOI
=041  \\$adut
=100  \\$aVollenhove, Joannes$d1631-1708$1http://www.wikidata.org/entity/Q37605835$4aut$915339
=245  10$aPredikant en toerist:$bhet dagboek van Joannes Vollenhove, Engeland, 17 mei-30 oktober 1674
=260  \\$aHilversum$bVerloren$c2001
=300  \\$a224 pages$billustrations$c24 cm
=504  \\$aIncludes bibliographical references (p. 54-55) and indexes.
=590  \\$avan commentaar voorzien en uitgegeven door G.R.W. Dibbets
=648  \0$a17th Century (1601-1700)$1http://www.wikidata.org/entity/Q7016$920923
=650  \0$aTravel$1http://www.wikidata.org/entity/Q61509$94440
=650  \0$aDiary$1http://www.wikidata.org/entity/Q185598$921711
=651  \0$aUnited Kingdom$1http://www.wikidata.org/entity/Q21$9273
=700  \\$aDibbets, G. R. W.$4edt$915342
=942  \\$cBOO
=952  \\$00$10$2ddc$40$6BIO_VOLL1_A$70$8BIO$913042$aORPH$bORPH$cKTS1_P$d2020-07-08$eKoopman$i23B41$oBIO VOLL1 a$p20128514$r2021-01-12 00:00:00$w2021-01-12$yBOO$OKoopman
=999  \\$d13060

