=LDR  01126nam a2200253 c 4500
=001  13061
=008  140310s2013\\\\\\\a|||\\||||\00|||\ita\d
=020  \\$a9788898513253
=040  \\$aOI
=041  0\$aita
=100  \\$aTrevisan, Luca$d1976-$4aut$927357
=245  10$aIncisori itineranti nell'area veneta nel Seicento:$bdizionario bio-bibliografico
=246  13$aIncisori itineranti nell'area veneta nel '600
=260  \\$aVerona$bUniv. degli Studi di Verona$c2013
=300  \\$a158 pages$bIllustrations$c24 cm
=504  \\$aIncludes bibliographical references (pp. [143]-150) and index
=648  \0$a17th Century (1601-1700)$1http://www.wikidata.org/entity/Q7016$920923
=650  \0$aIllustration$1http://www.wikidata.org/entity/Q178659$921171
=650  \0$aBook$1http://www.wikidata.org/entity/Q571$92285
=651  \0$aItaly$1http://www.wikidata.org/entity/Q38$922
=700  \\$aZavatta, Giulio$d1974-$4aut$927358
=942  \\$cBOO
=952  \\$00$10$2ddc$40$6TOP_IT_5_000000000000000$70$8TOP$913043$aORPH$bORPH$cKTS0$d2020-07-08$eKoopman$i44A25$l0$oTOP IT 5$p20126721$r2021-01-12 00:00:00$w2021-01-12$yBOO$OKoopman
=999  \\$d13061

