=LDR  00839    a2200205   4500
=001  13063
=008  220118s1961\\\\\\\|||||\||||\00|\f\fre\d
=041  \\$afre
=100  \\$aVoltaire$d1694-1778$1http://www.wikidata.org/entity/Q9068$95159
=245  \\$aRomans
=260  \\$aParis$bGallimard$c1961
=490  \\$aŒuvres de Voltaire
=648  \0$a18th Century (1701-1800)$1http://www.wikidata.org/entity/Q7015$920899
=650  \0$aNovel$1http://www.wikidata.org/entity/Q8261$921629
=650  \0$aEnlightenment$1http://www.wikidata.org/entity/Q12539$94532
=651  \0$aFrance$1http://www.wikidata.org/entity/Q142$9131
=700  \\$4edt$aPeyrefitte, R.$923491
=942  \\$cBOO
=952  \\$00$10$2ddc$40$6LIT_VOLT_A$70$8LIT$913045$aORPH$bORPH$cKM12_2_H$d2020-07-08$eKoopman$i40H10$oLIT VOLT a$p20122211$r2021-01-12 00:00:00$w2021-01-12$yBOO
=999  \\$d13063

