=LDR  01257aam a2200241   4500
=001  13065
=008  210225s1966\\\\be\|||||\||||\00|\0dfre\d
=041  \\$afre
=100  \\$aVoltaire$d1694-1778$4aut$1http://www.wikidata.org/entity/Q9068$95159
=245  \\$aLe Siècle de Louis XIV
=260  \\$aParis$bGarnier-Flammarion$c1966
=300  \\$a2 vols. (382+375 pages)
=600  \0$aLouis XIV$cKing of France$d1638-1715$1http://www.wikidata.org/entity/Q7742$99829
=648  \0$a17th Century (1601-1700)$1http://www.wikidata.org/entity/Q7016$920923
=648  \0$a18th Century (1701-1800)$1http://www.wikidata.org/entity/Q7015$920899
=650  \0$aHistory$1http://www.wikidata.org/entity/Q309$921403
=650  \0$aBiography$1http://www.wikidata.org/entity/Q36279$91927
=651  \0$aFrance$1http://www.wikidata.org/entity/Q142$9131
=700  \\$4edt$aAdam, Antoine$920907
=942  \\$cBOO
=952  \\$00$10$2ddc$3vol. 1$40$6TOP_FR_5_000000000000000$70$8TOP$913047$aORPH$bORPH$cKTS0$d2020-07-08$eKoopman$i38D43$l0$oTOP FR 5$p20122363$r2021-01-12 00:00:00$w2021-01-12$yBOO
=952  \\$00$10$2ddc$3vol. 2$40$6TOP_FR_5_000000000000000$70$8TOP$913048$aORPH$bORPH$cKTS0$d2020-07-08$eKoopman$i38D43$l0$oTOP FR 5$p20122362$r2021-01-12 00:00:00$w2021-01-12$yBOO
=999  \\$d13065

