=LDR  00403    a2200109   4500
=001  13067
=100  \\$aVondel, Joost van den$d1587-1679$1http://www.wikidata.org/entity/Q312673$95247
=245  \\$aHekeldigten
=260  \\$c1920
=942  \\$cBOO
=952  \\$00$10$2ddc$40$6LIT_VOND_A$70$8LIT$913049$aORPH$bORPH$cKM12_2_H$d2020-07-08$eKoopman$i43E04$oLIT VOND a$p20127156$r2021-01-12 00:00:00$w2021-01-12$yBOO
=999  \\$c13067$d13067

