=LDR  01483aam a2200265   4500
=001  13068
=005  20251016125716.0
=008  230524s1997\\\\||||||||\||||\00|\0\dut\d
=020  \\$a9090107320
=020  \\$a9789090107325
=041  \\$adut
=100  1\$aVonk, P. G.$915347$4aut
=245  \\$aDe V.O.C. op zoek naar de Goud- en zilvereilanden:$bDe waargebeurde avonturen van het schip de Breskens in het jaar 1643 in Japan
=260  \\$aUtrecht$bVos Holland$c1997
=300  \\$a124 pages
=520  \\$aIn the Golden Age, the V.O.C. ship 'de Breskens' made a spectacular voyage of discovery, but it ended up in Japan after a violent storm. This had major consequences for the crew, the ship itself and for the unique relationship between Japan and the Netherlands. The story seems too wonderful to be true, but it really is.
=610  \0$1http://www.wikidata.org/entity/Q159766$aVereenigde Oostindische Compagnie$91677
=648  \0$1http://www.wikidata.org/entity/Q7016$a17th Century (1601-1700)$920923
=650  \0$1http://www.wikidata.org/entity/Q309$aHistory$921403
=650  \0$1http://www.wikidata.org/entity/Q155930$aMaritime transport$924925
=651  \0$1http://www.wikidata.org/entity/Q55$aNetherlands$9173
=651  \0$1http://www.wikidata.org/entity/Q17$aJapan$921369
=942  \\$cBOO
=952  \\$00$10$2ddc$40$6TOP_JP_5_000000000000000$70$8TOP$913050$aORPH$bORPH$cKTS0$d2020-07-08$eKoopman$l0$oTOP JP 5$p20128865$r2021-01-12 00:00:00$w2021-01-12$yBOO$OKoopman
=999  \\$d13068

