=LDR  01136aam a2200217   4500
=001  13070
=008  210516s2013\\\\\\\|||||\||||\00|\0\ger\d
=041  \\$ager
=100  \\$aForster, Christiane Marianne$4aut$920845
=245  \\$aVersuche von Musikgeschichtsschreibung in Zeiten musikalischer Kanonbildung:$bdie Musikgeschichten von Sir John Hawkins, Charles Burney und Johann Nikolaus Forkel.
=260  \\$aFrankfurt$bLang$c2013
=300  \\$a455 pages
=490  \\$aEuropäische Hochschulschriften$vReihe XXXVI, Band 273
=600  \0$aHawkins, John$d1719-1789$1http://www.wikidata.org/entity/Q661076$95399
=600  \0$aBurney, Charles$d1726-1814$1http://www.wikidata.org/entity/Q547002$910020
=600  \0$aForkel, Johann Nikolaus$d1749-1818$1http://www.wikidata.org/entity/Q57922$99221
=648  \0$a18th Century (1701-1800)$1http://www.wikidata.org/entity/Q7015$920899
=650  \0$aMusic history$1http://www.wikidata.org/entity/Q846047$921373
=942  \\$cBOO
=952  \\$00$10$2ddc$40$6GHM_8_000000000000000$70$8GHM$913052$aORPH$bORPH$cKM12_1$d2020-07-08$eKoopman$i45D21$oGHM8$p20127309$r2021-01-12 00:00:00$w2021-01-12$yBOO
=999  \\$d13070

