=LDR  01513cam a2200313 a 4500
=001  13071
=005  20250120120941.0
=008  011203s2001\\\\ne\a\\\\\b\\\\000\0\eng\\
=010  \\$a  2001466282
=020  \\$a9065501827
=040  \\$aOI
=041  0\$aeng$adut
=100  \\$aVos, Jacob Willemsz. de$d1774-1844$1http://www.wikidata.org/entity/Q1963302$4aut$927389
=245  10$aFather & Sons:$bJacob de Vos Wzn. (1774-1844) and the Journals He drew for His Children = Vader & zoons: Jacob de Vos Wzn. (1774-1844) en de getekende dagboekjes voor zijn kinderen
=260  \\$aHilversum$bVerloren$c2001
=300  \\$a264 pages$bcolor illustrations$c24 cm
=490  1\$aEgodocumenten$x0929-9807$v24
=500  \\$a"Care for the ... [journals] has now been entrusted to the Royal Historical Society"--P. 8.
=504  \\$aIncludes bibliographical references (p. 53-[54]).
=546  \\$aEnglish and Dutch.
=648  \0$a19th Century (1801-1900)$1http://www.wikidata.org/entity/Q6955$920935
=650  \0$aDiary$1http://www.wikidata.org/entity/Q185598$921711
=650  \0$aIllustration$1http://www.wikidata.org/entity/Q178659$921171
=650  \0$aChild$1http://www.wikidata.org/entity/Q7569$92175
=651  \0$aNetherlands$1http://www.wikidata.org/entity/Q55$9173
=700  \\$aKoolhaas-Grosfeld, Eveline$4edt$927390
=942  \\$cBOO
=952  \\$00$10$2ddc$40$6BIO_VOS1_A$70$8BIO$913053$aORPH$bORPH$cKTS1_P$d2020-07-08$eKoopman$i37D04$oBIO VOS1 a$p20120554$r2021-01-12 00:00:00$w2021-01-12$yBOO$OKoopman
=999  \\$d13071

