=LDR  01124aam a2200253   4500
=001  13072
=008  240516s1959\\\\||||||||\||||\00|\0bdut\d
=041  \\$adut
=100  \\$aVos, A. C.$4aut$915349
=245  \\$aGeorge Frideric Handel
=246  \1$aHändel
=260  \\$aAmsterdam$c1959
=490  \\$aAC-reeks$v754
=600  \0$aHandel, George Frideric$d1685-1759$1http://www.wikidata.org/entity/Q7302$94765
=648  \0$a18th Century (1701-1800)$1http://www.wikidata.org/entity/Q7015$920899
=650  \0$aComposer$1http://www.wikidata.org/entity/Q36834$93625
=650  \0$aBiography$1http://www.wikidata.org/entity/Q36279$91927
=651  \0$aHalle (Saale, Germany)$1http://www.wikidata.org/entity/Q2814$921799
=651  \0$aHamburg (Germany)$1http://www.wikidata.org/entity/Q1055$921940
=651  \0$aItaly$1http://www.wikidata.org/entity/Q38$922
=651  \0$aLondon (United Kingdom)$1http://www.wikidata.org/entity/Q84$9123
=942  \\$cBOO
=952  \\$00$10$2ddc$40$6BIO_HAND_F$70$8BIO$913054$aORPH$bORPH$cKTS1_P$d2020-07-08$eKoopman$i20D54$oBIO HAND f$p20129742$r2021-01-12 00:00:00$w2021-01-12$yBOO$OKoopman
=999  \\$d13072

