=LDR  01094aam a2200229   4500
=001  13073
=008  240516s1962\\\\||||||||\||||\00|\0bdut\d
=041  \\$adut
=100  \\$aVos, A. C.$4aut$915349
=245  \\$aJan Pieterszoon Sweelinck:$b"Organist tot Amsterdam" geboren in mei 1562
=260  \\$aAmsterdam$c1962
=490  \\$aAC-reeks$v912
=600  \0$aSweelinck, Jan Pieterszoon$d1562-1621$1http://www.wikidata.org/entity/Q110294$911454
=648  \0$a16th Century (1501-1600)$1http://www.wikidata.org/entity/Q7017$920944
=648  \0$a17th Century (1601-1700)$1http://www.wikidata.org/entity/Q7016$920923
=650  \0$aComposer$1http://www.wikidata.org/entity/Q36834$93625
=650  \0$aOrganist$1http://www.wikidata.org/entity/Q765778$94471
=650  \0$aBiography$1http://www.wikidata.org/entity/Q36279$91927
=651  \0$aAmsterdam (Netherlands)$1http://www.wikidata.org/entity/Q727$9135
=942  \\$cBOO
=952  \\$00$10$2ddc$40$6BIO_SWEE1_D$70$8BIO$913055$aORPH$bORPH$cKTS1_P$d2020-07-08$eKoopman$i20D55$l0$oBIO SWEE1 d$p20125351$r2021-01-12 00:00:00$w2021-01-12$yBOO$OKoopman
=999  \\$d13073

