=LDR  00727cam a2200205 p 4500
=001  13074
=005  20250120120003.0
=008  790124s1978\\\\ne\a\\\\\b\\\\001\0\dut\\
=015  \\$aNe78-40
=020  \\$a9062100880 :$cfl 47.50
=040  \\$aOI
=100  \\$aVos, Rik$914606
=245  00$aLucas van Leyden /$cRik Vos.
=260  \\$aBentveld :$bLandshoff ;$aMaarssen :$bG. Schwartz,$c[1978]
=300  \\$a200 p. :$bwith ill. ;$c27 cm.
=504  \\$aBibliography: p. 147-148.
=600  \0$aLucas,$cvan Leyden,$d1494-1533.$915350
=942  \\$cBOO
=952  \\$00$10$2ddc$40$6BIO_LEYD_D$70$8BIO$913056$aORPH$bORPH$cKTS1_P$d2020-07-08$eKoopman$i31B05$l0$oBIO LEYD d$p20121128$r2021-01-12 00:00:00$w2021-01-12$yBOO$OKoopman
=999  \\$c13074$d13074

