=LDR  01040aam a2200229   4500
=001  13075
=005  20250925143300.0
=008  250217s1963\\\\|||oh|||\||||\00|\0\ger\d
=041  \\$ager
=100  \\$aVötterle, K.$915351
=245  \\$aHaus unterm Stern.$bÜber Entstehen, Zerstörung und Wiederaufbau des Bärenreiter-Werkes
=250  \\$a3rd ed.
=260  \\$c1963$aKassel$bBärenreiter
=300  \\$a319 pages
=500  \\$aA history of the music publisher Bärenreiter by it's founder Karl Vötterle.
=648  \0$a20th Century (1901-2000)$1http://www.wikidata.org/entity/Q6927$920936
=650  \0$aMusic publishing company$1http://www.wikidata.org/entity/Q1917775$927716
=650  \0$aPublishing$1http://www.wikidata.org/entity/Q3972943$93049
=651  \0$aKassel (Germany)$1http://www.wikidata.org/entity/Q2865$923932
=942  \\$cBOO
=952  \\$00$10$2ddc$40$6BIB_4_000000000000000_DE_BARE$70$8BIB$913057$aORPH$bORPH$cKTS0$d2020-07-08$eKoopman$i35D19$l0$oBIB4 DE BARE$p20120703$r2021-01-12 00:00:00$w2021-01-12$yBOO$OKoopman
=999  \\$d13075

