=LDR  00966aam a2200205   4500
=001  13077
=005  20250925143300.0
=008  230509s1965\\\\||||||||\||||\00|\0\dut\d
=041  \\$adut
=100  \\$aVrankrijker, A. C. J.$915352$4aut
=245  \\$aDe historie van de vesting Naarden
=260  \\$c1965$aBussum$bvan Dishoeck
=300  \\$a144 pages
=520  \\$aDescription of the history of the Naarden fortress. Both the Eighty Years' War and later wars are discussed. Prussians (patriotic era) and French are covered as well as preparations for WWI.
=648  \0$1http://www.wikidata.org/entity/Q6927$a20th Century (1901-2000)$920936
=650  \0$1http://www.wikidata.org/entity/Q309$aHistory$921403
=651  \0$1http://www.wikidata.org/entity/Q9949$aNaarden (Netherlands)$972
=942  \\$cBOO
=952  \\$00$10$2ddc$40$6TOP_NL_NAA$70$8TOP$913059$aORPH$bORPH$cKTS0$d2020-07-08$eKoopman$l0$oTOP NL.NAA$p20122299$r2021-01-12 00:00:00$w2021-01-12$yBOO$OKoopman
=999  \\$d13077

