=LDR  01371    a2200265   4500
=001  13082
=005  20251003085459.0
=008  211108s1990\\\\nl\of|||\||||\00|\0\dut\d
=020  \\$a9072250257
=041  \\$adut$aeng
=100  \\$aDe Vries, Han$4aut$920527
=110  \\$aRijksmuseum Twenthe (Enschede, Netherlands)$1http://www.wikidata.org/entity/Q1505892$4edt$91730
=245  \\$aHobo d'amore.$bDe verzameling hobo's (1680-1980) van Han de Vries
=260  \\$c1999$aEnschede$bRijksmuseum Twenthe
=300  \\$a31 pages
=590  \\$aDeze catalogus verschijnt bij de gelijknamige tentoonstelling in het Rijksmuseum Twente, 7 maart tot en met 18 april 1999
=610  \0$aRijksmuseum Twenthe (Enschede, Netherlands)$1http://www.wikidata.org/entity/Q1505892$91730
=650  \0$aOboe$1http://www.wikidata.org/entity/Q8377$91905
=650  \0$aCatalogue$1http://www.wikidata.org/entity/Q2352616$921484
=700  \\$4ctb$aTilmanns, Helen$922750
=710  \\$aWilminktheater en Muziekcentrum (Enschede, Netherlands)$1https://www.wikidata.org/wiki/Q38554776$926727
=710  \\$aArtEZ Conservatorium (Enschede, Netherlands)$1https://www.wikidata.org/wiki/Q705318$926728
=942  \\$cBOO
=952  \\$00$10$2ddc$40$6INS_6_000000000000000_3A_VRIE$70$8HUM$913064$aORPH$bORPH$cKTS0$d2020-07-08$eKoopman$i29C04$oINS6.3a VRIE$p20123480$r2021-01-12 00:00:00$w2021-01-12$yBOO
=999  \\$d13082

