=LDR  00713    a2200181   4500
=001  13084
=008  211124s1977\\\\\\\a|||e\||||\00|\0\dut\d
=020  \\$a9029005769
=041  \\$adut
=100  \\$aVries, Leonard de$d1919-2002$4aut$915359
=245  \\$aVenus' lusthof
=260  \\$aAmsterdam$bMeulenhoff$c1977
=648  \0$a18th Century (1701-1800)$1http://www.wikidata.org/entity/Q7015$920899
=650  \0$aPornography$1http://www.wikidata.org/entity/Q291$923051
=650  \0$aLiterature$1http://www.wikidata.org/entity/Q8242$94439
=942  \\$cBOO
=952  \\$00$10$2ddc$40$6LIT_VRIE_A$70$8LIT$913066$aORPH$bORPH$cKM12_2_H$d2020-07-08$eKoopman$i18F23$oLIT VRIE a$p20127777$r2021-01-12 00:00:00$w2021-01-12$yBOO
=999  \\$d13084

