=LDR  02723aam a2200457   4500
=001  13085
=005  20251014101826.0
=008  231027r19761958|||a||||\||||\00|\0\dut\d
=020  \\$a9022839672
=041  \\$adut
=100  \\$aVries, Leonard de$d1919-2002$4edt$915359
=245  \\$aBloempjes der vreugd:$bHet mooiste uit oude kinderboeken
=260  \\$aHaarlem$bDe Haan$aBussum$bUnieboek$c1976
=300  \\$billustrations (some color)
=648  \0$a18th Century (1701-1800)$1http://www.wikidata.org/entity/Q7015$920899
=648  \0$a19th Century (1801-1900)$1http://www.wikidata.org/entity/Q6955$920935
=650  \0$aLiterature$1http://www.wikidata.org/entity/Q8242$94439
=650  \0$aPoetry$1http://www.wikidata.org/entity/Q482$93026
=650  \0$aMoral education$1http://www.wikidata.org/entity/Q25457248$93171
=650  \0$aChild$1http://www.wikidata.org/entity/Q7569$92175
=650  \0$aAlphabet book$1http://www.wikidata.org/entity/Q595801$94132
=650  \0$aPlay (theater)$1http://www.wikidata.org/entity/Q25379$921414
=650  \0$aIllustration$1http://www.wikidata.org/entity/Q178659$921171
=651  \0$aNetherlands$1http://www.wikidata.org/entity/Q55$1http://www.wikidata.org/entity/Q29999$9173
=700  \\$aLuiken, Jan$d1649-1712$1http://www.wikidata.org/entity/Q87466$4aut$95171
=700  \\$aSwildens, Johan Hendrik$d1746-1809$1http://www.wikidata.org/entity/Q13136439$4aut$941571
=700  \\$a't Hoen, Pieter$d1744-1828$1http://www.wikidata.org/entity/Q55629997$4aut$941572
=700  \\$aNieuwold, Johannes Henricus$d1737-1812$1http://www.wikidata.org/entity/Q2654248$4aut$941573
=700  \\$aHazeu, Johannes$d1755-1834$1http://www.wikidata.org/entity/Q18088755$4aut$941574
=700  \\$aMoens, Petronella$d1762-1843$1http://www.wikidata.org/entity/Q2142140$4aut$915230
=700  \\$aAnslijn, Nicolaas$d1777-1838$1http://www.wikidata.org/entity/Q2134591$4aut$941575
=700  \\$aBoer, Francijntje de$d1784-1852$1http://www.wikidata.org/entity/Q2299757$4aut$97737
=700  \\$aBreet, J. de$4edt$941576
=700  \\$aMüller, J. F. L.$dfl. 1838$4aut$941577
=700  \\$aRobidé van der Aa, Christianus Petrus Eliza$d1791-1851$1http://www.wikidata.org/entity/Q2605482$4aut$941578
=700  \\$aHeijningen Bosch, Mattheus van$d1773-1821$4aut$941579
=700  \\$aHeije, Jan Pieter$d1809-1876$1http://www.wikidata.org/entity/Q739242$4aut$94846
=700  \\$aLouwerse, Pieter$d1840-1908$1https://www.wikidata.org/wiki/Special:EntityPage/Q2611511$941580
=942  \\$cBOO
=952  \\$00$10$2ddc$40$6TOP_LIT_VRIE_A$70$8TOP$913067$aORPH$bORPH$cKTS0$d2020-07-08$eKoopman$i21G23$l1$oTOP-->LIT VRIE a$p20125564$r2025-10-28 13:27:32$s2025-10-14$w2021-01-12$yBOO$OKoopman
=999  \\$d13085

