=LDR  00876aam a2200181   4500
=001  13086
=008  231027s1975\\\\||||||||\||||\00|\0\dut\d
=041  \\$adut
=245  \\$aLeonard de Vries' Amsterdam
=260  \\$aAmsterdam$bDe Bezige Bij$c1975
=590  \\$aMerkwaardigheden uit Amsterdams Verleden voor U Ed. en het Hooggeacht Publiek gedolven uit de Schatkamers van het Gemeente Archief
=650  \0$aCultural history$1http://www.wikidata.org/entity/Q858517$922395
=651  \0$aAmsterdam (Netherlands)$1http://www.wikidata.org/entity/Q727$9135
=700  \\$aVries, Tirtsa de$4aut$915360
=700  \\$aVries, Leonard de$d1919-2002$1http://www.wikidata.org/entity/Q2658482$4aut$915359
=942  \\$cBOO
=952  \\$00$10$2ddc$40$6TOP_NL_AMS$70$8TOP$913068$aORPH$bORPH$cKTS0$d2020-07-08$eKoopman$i43C29$l0$oTOP NL.AMS$p20127178$r2021-01-12 00:00:00$w2021-01-12$yBOO$OKoopman
=999  \\$d13086

