=LDR  00908    a2200181   4500
=001  13089
=008  220425m19541961||||||||\||||\00|\0\dut\d
=041  \\$adut
=100  \\$aVries, T. J. de$4aut$915361
=245  \\$aGeschiedenis van Zwolle
=260  \\$aZwolle$bTijl$c1954; 1961
=300  \\$a2 vols.
=650  \0$aHistory$1http://www.wikidata.org/entity/Q309$921403
=651  \0$aZwolle (Netherlands)$1http://www.wikidata.org/entity/Q793$985
=942  \\$cBOO
=952  \\$00$10$2ddc$3Deel 1: Het ontstaan en de ontwikkeling van de stad tot de invoering der Reformatie$40$6TOP_NL_ZWO$70$8TOP$913071$aORPH$bORPH$cKTS0$d2020-07-08$eKoopman$oTOP NL.ZWO$p20120434$r2021-01-12 00:00:00$w2021-01-12$yBOO
=952  \\$00$10$2ddc$3Deel 2: Van de invoering der Reformatie tot het jaar 1940$40$6TOP_NL_ZWO$70$8TOP$913072$aORPH$bORPH$cKTS0$d2020-07-08$eKoopman$oTOP NL.ZWO$p20120433$r2021-01-12 00:00:00$w2021-01-12$yBOO
=999  \\$d13089

