=LDR  01422cam a2200277 a 4500
=001  13091
=005  20250925143300.0
=008  961008s1996\\\\ne\ao\\\\b\\\\001\0deng\d
=040  \\$aINS$cINS$dDLC
=041  \\$aeng
=100  \\$aVries, Willem de$1http://www.wikidata.org/entity/Q117236266$915362$4aut
=245  10$aSonderstab Musik :$bmusic confiscations by the Einsatzstab Reichsleiter Rosenberg under the Nazi occupation of Western Europe
=260  \\$aAmsterdam :$bAmsterdam University Press,$cc1996.
=300  \\$a271 page
=504  \\$aIncludes bibliographical references (p. 259-264) and index.
=610  \0$aEinsatzstab Reichsleiter Rosenberg für die Besetzten Gebiete.$91788
=648  \0$a20th Century (1901-2000)$1http://www.wikidata.org/entity/Q6927$920936
=650  \0$aMusic$92062
=650  \0$aNational socialism$1http://www.wikidata.org/entity/Q7310$94563
=650  \0$aMusic history$1http://www.wikidata.org/entity/Q846047$921373
=651  \0$aGermany$1http://www.wikidata.org/entity/Q183$9155
=856  \\$uhttp://www.loc.gov/catdir/description/uchi052/96207900.html$3Publisher description
=856  \\$uhttp://www.loc.gov/catdir/enhancements/fy0642/96207900-t.html$3Table of contents only
=942  \\$cBOO
=952  \\$00$10$2ddc$40$6TOP_DE_7_000000000000000$70$8TOP$913073$aORPH$bORPH$cKTS0$d2020-07-08$eKoopman$i31E49$l0$oTOP DE 7$p20123184$r2021-01-12 00:00:00$w2021-01-12$yBOO$OKoopman
=999  \\$d13091

