=LDR  01226cam a22002774a 4500
=001  13094
=005  20250120120916.0
=008  040617s2004\\\\ne\a\\\\\b\\\\001\0\dut\\
=020  \\$a9065507507
=040  \\$aOI
=041  0\$adut
=100  \\$aVrolijk, Marjan$915365$4aut
=245  10$aRecht door gratie:$bgratie bij doodslagen en andere delicten in Vlaanderen, Holland en Zeeland (1531-1567)
=260  \\$aHilversum$bVerloren$c2004
=300  \\$a512 pages$billustrations$c25 cm
=504  \\$aIncludes bibliographical references (p. [487]-503) and index.
=546  \\$aSummary in French.
=648  \0$a16th Century (1501-1600)$1http://www.wikidata.org/entity/Q7017$920944
=650  \0$aLaw$1http://www.wikidata.org/entity/Q7748$93727
=650  \0$aCuckoo$1http://www.wikidata.org/entity/Q18845$922474
=651  \0$aZeeland (Netherlands)$1http://www.wikidata.org/entity/Q705$922789
=651  \0$aHolland (Netherlands)$1http://www.wikidata.org/entity/Q102911$926183
=651  \0$aFlanders (Belgium)$1http://www.wikidata.org/entity/Q234$989
=942  \\$cBOO
=952  \\$00$10$2ddc$40$6TOP$70$8TOP$913076$aORPH$bORPH$cKTS0$d2020-07-08$eKoopman$i44F16$l0$oTOP$p20126823$r2021-01-12 00:00:00$w2021-01-12$yBOO$OKoopman
=999  \\$d13094

