=LDR  01286cam a2200265 a 4500
=001  13095
=005  20250120120003.0
=008  880927s1988\\\\ne\a\\\\\bc\\f001\0\dut\\
=020  \\$a9012058112 :$cfl 39.90
=040  \\$aOI
=041  \\$adut
=100  \\$aWaals, Jan van der$4aut$915366
=245  13$aDe prentschat van Michiel Hinloopen:$been reconstructie van de eerste openbare papierkunstverzameling in Nederland
=260  \\$aThe Hague$bSDU$a[Amsterdam]$bRijksprentenkabinet, Rijksmuseum Amsterdam$c1988
=300  \\$a212 pagesa$billustrations$c30 cm
=504  \\$aIncludes bibliographical references.
=600  \0$aHinloopen, Michiel$d1619-1708$1http://www.wikidata.org/entity/Q13850688$915367
=610  \0$aRijksmuseum (Amsterdam, Netherlands)$1http://www.wikidata.org/entity/Q190804$91244
=648  \0$a17th Century (1601-1700)$1http://www.wikidata.org/entity/Q7016$920923
=650  \0$aFine art$1http://www.wikidata.org/entity/Q219625$921579
=650  \0$aCollecting$1http://www.wikidata.org/entity/Q208165$92117
=651  \0$aNetherlands$1http://www.wikidata.org/entity/Q55$9173
=942  \\$cBOO
=952  \\$00$10$2ddc$40$6VIS_WAAL$70$8VIS$913077$aORPH$bORPH$cKTS1_H$d2020-07-08$eKoopman$i19G35$l0$oVIS WAAL$p20125183$r2021-01-12 00:00:00$w2021-01-12$yBOO$OKoopman
=999  \\$d13095

